timestamp;buyer;seller;symbol;currency;price;quantity
100;;;KELP;SEASHELLS;2034.0;1
100;;;RAINFOREST_RESIN;SEASHELLS;10002.0;1
200;;;JAMS;SEASHELLS;6542.0;11
200;;;JAMS;SEASHELLS;6543.0;9
200;;;KELP;SEASHELLS;2035.0;1
200;;;RAINFOREST_RESIN;SEASHELLS;10004.0;1
200;;;SQUID_INK;SEASHELLS;1835.0;1
300;;;KELP;SEASHELLS;2034.0;1
300;;;SQUID_INK;SEASHELLS;1836.0;1
500;;;KELP;SEASHELLS;2034.0;1
500;;;SQUID_INK;SEASHELLS;1836.0;1
600;;;KELP;SEASHELLS;2033.0;5
600;;;SQUID_INK;SEASHELLS;1834.0;5
700;;;JAMS;SEASHELLS;6542.0;6
700;;;KELP;SEASHELLS;2032.0;1
700;;;SQUID_INK;SEASHELLS;1834.0;1
800;;;KELP;SEASHELLS;2032.0;1
800;;;RAINFOREST_RESIN;SEASHELLS;9996.0;1
800;;;SQUID_INK;SEASHELLS;1836.0;1
900;;;KELP;SEASHELLS;2035.0;15
1000;;;CROISSANTS;SEASHELLS;4275.0;7
1000;;;DJEMBES;SEASHELLS;13413.0;4
1100;;;DJEMBES;SEASHELLS;13414.0;5
1200;;;KELP;SEASHELLS;2032.0;1
1200;;;SQUID_INK;SEASHELLS;1839.0;1
1300;;;RAINFOREST_RESIN;SEASHELLS;10002.0;1
1400;;;CROISSANTS;SEASHELLS;4273.0;6
1400;;;SQUID_INK;SEASHELLS;1842.0;6
1500;;;DJEMBES;SEASHELLS;13412.0;7
1500;;;JAMS;SEASHELLS;6542.0;10
1500;;;JAMS;SEASHELLS;6542.0;8
1500;;;KELP;SEASHELLS;2034.0;1
1500;;;RAINFOREST_RESIN;SEASHELLS;9998.0;4
1500;;;SQUID_INK;SEASHELLS;1844.0;1
1600;;;JAMS;SEASHELLS;6542.0;4
1700;;;JAMS;SEASHELLS;6542.0;8
1900;;;DJEMBES;SEASHELLS;13414.0;2
1900;;;KELP;SEASHELLS;2032.0;1
2100;;;DJEMBES;SEASHELLS;13414.0;8
2200;;;DJEMBES;SEASHELLS;13415.0;3
2300;;;PICNIC_BASKET1;SEASHELLS;58678.0;2
2300;;;PICNIC_BASKET1;SEASHELLS;58678.0;1
2300;;;PICNIC_BASKET2;SEASHELLS;30238.0;2
2300;;;PICNIC_BASKET2;SEASHELLS;30237.0;1
2400;;;CROISSANTS;SEASHELLS;4273.0;7
2600;;;RAINFOREST_RESIN;SEASHELLS;10002.0;4
2600;;;RAINFOREST_RESIN;SEASHELLS;10002.0;1
2700;;;DJEMBES;SEASHELLS;13416.0;5
3000;;;KELP;SEASHELLS;2034.0;1
3000;;;SQUID_INK;SEASHELLS;1850.0;1
3100;;;RAINFOREST_RESIN;SEASHELLS;9998.0;1
3200;;;RAINFOREST_RESIN;SEASHELLS;10002.0;5
3300;;;CROISSANTS;SEASHELLS;4274.0;7
3300;;;RAINFOREST_RESIN;SEASHELLS;10002.0;1
3500;;;DJEMBES;SEASHELLS;13415.0;2
3600;;;CROISSANTS;SEASHELLS;4275.0;5
3700;;;RAINFOREST_RESIN;SEASHELLS;9998.0;1
4000;;;KELP;SEASHELLS;2032.0;1
4000;;;SQUID_INK;SEASHELLS;1854.0;1
4200;;;RAINFOREST_RESIN;SEASHELLS;10002.0;5
4300;;;KELP;SEASHELLS;2032.0;2
4300;;;SQUID_INK;SEASHELLS;1854.0;2
4600;;;JAMS;SEASHELLS;6542.0;9
4600;;;JAMS;SEASHELLS;6544.0;5
4900;;;CROISSANTS;SEASHELLS;4271.0;4
5200;;;KELP;SEASHELLS;2033.0;5
5200;;;KELP;SEASHELLS;2033.0;4
5200;;;SQUID_INK;SEASHELLS;1859.0;5
5200;;;SQUID_INK;SEASHELLS;1859.0;4
5400;;;KELP;SEASHELLS;2035.0;1
5400;;;RAINFOREST_RESIN;SEASHELLS;10005.0;1
5400;;;SQUID_INK;SEASHELLS;1860.0;1
5500;;;JAMS;SEASHELLS;6540.0;9
5500;;;KELP;SEASHELLS;2032.0;8
5500;;;RAINFOREST_RESIN;SEASHELLS;10004.0;1
5600;;;PICNIC_BASKET1;SEASHELLS;58649.0;2
5600;;;PICNIC_BASKET2;SEASHELLS;30233.0;2
6100;;;JAMS;SEASHELLS;6540.0;4
6200;;;KELP;SEASHELLS;2034.0;1
6200;;;SQUID_INK;SEASHELLS;1861.0;1
6300;;;KELP;SEASHELLS;2035.0;11
6300;;;SQUID_INK;SEASHELLS;1862.0;11
6600;;;KELP;SEASHELLS;2032.0;7
6600;;;SQUID_INK;SEASHELLS;1860.0;7
6700;;;DJEMBES;SEASHELLS;13413.0;6
6700;;;JAMS;SEASHELLS;6541.0;9
6700;;;KELP;SEASHELLS;2034.0;1
6700;;;RAINFOREST_RESIN;SEASHELLS;10004.0;1
6700;;;SQUID_INK;SEASHELLS;1861.0;1
6800;;;CROISSANTS;SEASHELLS;4271.0;5
6800;;;KELP;SEASHELLS;2032.0;1
6800;;;SQUID_INK;SEASHELLS;1859.0;1
6900;;;DJEMBES;SEASHELLS;13414.0;8
6900;;;DJEMBES;SEASHELLS;13414.0;5
7200;;;RAINFOREST_RESIN;SEASHELLS;10002.0;1
7200;;;RAINFOREST_RESIN;SEASHELLS;9996.0;1
7400;;;DJEMBES;SEASHELLS;13415.0;1
7400;;;KELP;SEASHELLS;2035.0;13
7400;;;SQUID_INK;SEASHELLS;1862.0;13
7600;;;CROISSANTS;SEASHELLS;4270.0;9
7600;;;RAINFOREST_RESIN;SEASHELLS;10002.0;1
7700;;;JAMS;SEASHELLS;6541.0;10
8000;;;CROISSANTS;SEASHELLS;4270.0;6
8000;;;KELP;SEASHELLS;2034.0;1
8000;;;SQUID_INK;SEASHELLS;1858.0;1
8100;;;DJEMBES;SEASHELLS;13413.0;5
8200;;;JAMS;SEASHELLS;6538.0;5
8200;;;KELP;SEASHELLS;2032.0;1
8200;;;RAINFOREST_RESIN;SEASHELLS;9996.0;1
8200;;;SQUID_INK;SEASHELLS;1857.0;1
8500;;;JAMS;SEASHELLS;6538.0;3
8600;;;CROISSANTS;SEASHELLS;4270.0;5
9100;;;JAMS;SEASHELLS;6541.0;5
9100;;;RAINFOREST_RESIN;SEASHELLS;9998.0;1
9300;;;CROISSANTS;SEASHELLS;4271.0;7
9300;;;DJEMBES;SEASHELLS;13410.0;5
9400;;;JAMS;SEASHELLS;6539.0;9
9400;;;RAINFOREST_RESIN;SEASHELLS;10002.0;1
9500;;;CROISSANTS;SEASHELLS;4271.0;5
9500;;;DJEMBES;SEASHELLS;13412.0;4
9500;;;RAINFOREST_RESIN;SEASHELLS;10002.0;1
9700;;;RAINFOREST_RESIN;SEASHELLS;10002.0;1
10200;;;JAMS;SEASHELLS;6538.0;7
10300;;;KELP;SEASHELLS;2036.0;1
10300;;;RAINFOREST_RESIN;SEASHELLS;10004.0;1
10300;;;SQUID_INK;SEASHELLS;1861.0;1
10500;;;DJEMBES;SEASHELLS;13412.0;5
10600;;;KELP;SEASHELLS;2033.0;4
10600;;;SQUID_INK;SEASHELLS;1857.0;4
10700;;;RAINFOREST_RESIN;SEASHELLS;9998.0;3
10800;;;CROISSANTS;SEASHELLS;4270.0;6
10800;;;KELP;SEASHELLS;2033.0;6
10800;;;KELP;SEASHELLS;2033.0;6
10800;;;SQUID_INK;SEASHELLS;1857.0;6
11800;;;KELP;SEASHELLS;2033.0;4
11800;;;SQUID_INK;SEASHELLS;1858.0;4
11900;;;JAMS;SEASHELLS;6541.0;7
11900;;;RAINFOREST_RESIN;SEASHELLS;10002.0;1
12200;;;DJEMBES;SEASHELLS;13414.0;1
12400;;;JAMS;SEASHELLS;6543.0;7
12700;;;CROISSANTS;SEASHELLS;4267.0;10
12700;;;RAINFOREST_RESIN;SEASHELLS;10002.0;1
12700;;;RAINFOREST_RESIN;SEASHELLS;10002.0;1
13100;;;JAMS;SEASHELLS;6544.0;9
13100;;;KELP;SEASHELLS;2033.0;2
13100;;;SQUID_INK;SEASHELLS;1852.0;2
13200;;;DJEMBES;SEASHELLS;13415.0;8
13200;;;DJEMBES;SEASHELLS;13415.0;5
13300;;;CROISSANTS;SEASHELLS;4267.0;7
13300;;;RAINFOREST_RESIN;SEASHELLS;10002.0;2
13400;;;DJEMBES;SEASHELLS;13416.0;5
13400;;;PICNIC_BASKET2;SEASHELLS;30232.0;1
13700;;;JAMS;SEASHELLS;6541.0;12
13700;;;RAINFOREST_RESIN;SEASHELLS;10002.0;1
13800;;;PICNIC_BASKET2;SEASHELLS;30226.0;2
13900;;;SQUID_INK;SEASHELLS;1849.0;3
14000;;;KELP;SEASHELLS;2032.0;1
14000;;;RAINFOREST_RESIN;SEASHELLS;10002.0;1
14000;;;RAINFOREST_RESIN;SEASHELLS;10002.0;5
14000;;;SQUID_INK;SEASHELLS;1852.0;1
14100;;;KELP;SEASHELLS;2032.0;15
14100;;;SQUID_INK;SEASHELLS;1851.0;15
14400;;;KELP;SEASHELLS;2032.0;1
14400;;;KELP;SEASHELLS;2032.0;2
14400;;;RAINFOREST_RESIN;SEASHELLS;10002.0;2
14400;;;RAINFOREST_RESIN;SEASHELLS;10002.0;2
14400;;;SQUID_INK;SEASHELLS;1853.0;1
14400;;;SQUID_INK;SEASHELLS;1853.0;2
14600;;;KELP;SEASHELLS;2033.0;1
14600;;;SQUID_INK;SEASHELLS;1849.0;1
14700;;;JAMS;SEASHELLS;6540.0;3
14800;;;RAINFOREST_RESIN;SEASHELLS;9998.0;1
14900;;;DJEMBES;SEASHELLS;13416.0;5
15000;;;KELP;SEASHELLS;2032.0;1
15000;;;SQUID_INK;SEASHELLS;1849.0;1
15100;;;JAMS;SEASHELLS;6541.0;4
15100;;;RAINFOREST_RESIN;SEASHELLS;9998.0;1
15300;;;DJEMBES;SEASHELLS;13417.0;4
15400;;;CROISSANTS;SEASHELLS;4267.0;6
15400;;;JAMS;SEASHELLS;6542.0;6
15700;;;DJEMBES;SEASHELLS;13418.0;2
15800;;;KELP;SEASHELLS;2036.0;2
15800;;;RAINFOREST_RESIN;SEASHELLS;10004.0;2
15800;;;SQUID_INK;SEASHELLS;1854.0;2
16100;;;KELP;SEASHELLS;2033.0;1
16100;;;KELP;SEASHELLS;2033.0;1
16100;;;SQUID_INK;SEASHELLS;1857.0;2
16200;;;KELP;SEASHELLS;2032.0;1
16200;;;RAINFOREST_RESIN;SEASHELLS;10002.0;3
16200;;;SQUID_INK;SEASHELLS;1853.0;1
16300;;;CROISSANTS;SEASHELLS;4268.0;8
16300;;;RAINFOREST_RESIN;SEASHELLS;9996.0;1
16300;;;RAINFOREST_RESIN;SEASHELLS;9996.0;1
16500;;;SQUID_INK;SEASHELLS;1849.0;1
17100;;;PICNIC_BASKET1;SEASHELLS;58659.0;10
17100;;;PICNIC_BASKET2;SEASHELLS;30228.0;1
17400;;;KELP;SEASHELLS;2036.0;2
17400;;;RAINFOREST_RESIN;SEASHELLS;9998.0;2
17400;;;SQUID_INK;SEASHELLS;1851.0;2
17500;;;KELP;SEASHELLS;2036.0;12
17500;;;SQUID_INK;SEASHELLS;1851.0;12
17700;;;DJEMBES;SEASHELLS;13415.0;10
17900;;;DJEMBES;SEASHELLS;13414.0;5
17900;;;KELP;SEASHELLS;2035.0;1
17900;;;RAINFOREST_RESIN;SEASHELLS;9998.0;1
17900;;;RAINFOREST_RESIN;SEASHELLS;9998.0;2
17900;;;RAINFOREST_RESIN;SEASHELLS;9998.0;1
17900;;;SQUID_INK;SEASHELLS;1849.0;1
18100;;;JAMS;SEASHELLS;6540.0;12
18100;;;KELP;SEASHELLS;2033.0;8
18100;;;SQUID_INK;SEASHELLS;1842.0;8
18200;;;KELP;SEASHELLS;2033.0;1
18200;;;RAINFOREST_RESIN;SEASHELLS;10002.0;9
18200;;;RAINFOREST_RESIN;SEASHELLS;9996.0;1
18200;;;SQUID_INK;SEASHELLS;1840.0;1
18500;;;CROISSANTS;SEASHELLS;4270.0;9
18500;;;KELP;SEASHELLS;2033.0;1
18500;;;KELP;SEASHELLS;2033.0;1
18500;;;SQUID_INK;SEASHELLS;1840.0;1
18500;;;SQUID_INK;SEASHELLS;1840.0;1
18600;;;DJEMBES;SEASHELLS;13411.0;5
18600;;;KELP;SEASHELLS;2033.0;9
18600;;;SQUID_INK;SEASHELLS;1837.0;1
18900;;;RAINFOREST_RESIN;SEASHELLS;10002.0;1
19100;;;CROISSANTS;SEASHELLS;4269.0;8
19300;;;RAINFOREST_RESIN;SEASHELLS;9998.0;2
19300;;;RAINFOREST_RESIN;SEASHELLS;9998.0;6
19400;;;CROISSANTS;SEASHELLS;4268.0;5
19500;;;CROISSANTS;SEASHELLS;4268.0;6
19500;;;DJEMBES;SEASHELLS;13414.0;5
19500;;;KELP;SEASHELLS;2033.0;14
19500;;;SQUID_INK;SEASHELLS;1828.0;14
19600;;;KELP;SEASHELLS;2036.0;11
19600;;;RAINFOREST_RESIN;SEASHELLS;10002.0;1
19600;;;SQUID_INK;SEASHELLS;1831.0;11
19800;;;CROISSANTS;SEASHELLS;4269.0;7
19800;;;DJEMBES;SEASHELLS;13416.0;2
19900;;;RAINFOREST_RESIN;SEASHELLS;9996.0;1
20000;;;RAINFOREST_RESIN;SEASHELLS;9998.0;1
20100;;;DJEMBES;SEASHELLS;13416.0;5
20100;;;PICNIC_BASKET1;SEASHELLS;58705.0;1
20100;;;PICNIC_BASKET2;SEASHELLS;30228.0;10
20200;;;RAINFOREST_RESIN;SEASHELLS;10002.0;1
20300;;;JAMS;SEASHELLS;6540.0;7
20400;;;KELP;SEASHELLS;2033.0;3
20500;;;KELP;SEASHELLS;2034.0;2
20500;;;KELP;SEASHELLS;2033.0;8
20500;;;SQUID_INK;SEASHELLS;1834.0;2
20500;;;SQUID_INK;SEASHELLS;1833.0;8
20600;;;KELP;SEASHELLS;2036.0;2
20600;;;RAINFOREST_RESIN;SEASHELLS;9998.0;2
20600;;;SQUID_INK;SEASHELLS;1836.0;2
20700;;;JAMS;SEASHELLS;6539.0;9
20700;;;KELP;SEASHELLS;2034.0;2
20700;;;SQUID_INK;SEASHELLS;1837.0;2
20800;;;JAMS;SEASHELLS;6540.0;12
20900;;;DJEMBES;SEASHELLS;13414.0;3
20900;;;KELP;SEASHELLS;2033.0;1
20900;;;SQUID_INK;SEASHELLS;1838.0;1
21100;;;CROISSANTS;SEASHELLS;4272.0;8
21100;;;JAMS;SEASHELLS;6539.0;5
21100;;;KELP;SEASHELLS;2034.0;2
21100;;;SQUID_INK;SEASHELLS;1836.0;2
21200;;;KELP;SEASHELLS;2035.0;1
21200;;;RAINFOREST_RESIN;SEASHELLS;9998.0;1
21200;;;SQUID_INK;SEASHELLS;1836.0;1
21300;;;PICNIC_BASKET1;SEASHELLS;58675.0;4
21300;;;PICNIC_BASKET2;SEASHELLS;30235.0;4
21500;;;DJEMBES;SEASHELLS;13414.0;3
21500;;;KELP;SEASHELLS;2033.0;2
21500;;;SQUID_INK;SEASHELLS;1839.0;2
22100;;;KELP;SEASHELLS;2035.0;1
22100;;;SQUID_INK;SEASHELLS;1851.0;1
22200;;;DJEMBES;SEASHELLS;13417.0;2
22200;;;RAINFOREST_RESIN;SEASHELLS;10002.0;1
22400;;;PICNIC_BASKET1;SEASHELLS;58677.0;5
22400;;;PICNIC_BASKET2;SEASHELLS;30240.0;5
22400;;;RAINFOREST_RESIN;SEASHELLS;10002.0;1
22500;;;KELP;SEASHELLS;2035.0;1
22800;;;KELP;SEASHELLS;2033.0;2
22800;;;RAINFOREST_RESIN;SEASHELLS;10002.0;1
22800;;;SQUID_INK;SEASHELLS;1847.0;2
22900;;;JAMS;SEASHELLS;6538.0;4
22900;;;KELP;SEASHELLS;2033.0;1
23000;;;KELP;SEASHELLS;2035.0;1
23000;;;RAINFOREST_RESIN;SEASHELLS;10002.0;1
23000;;;SQUID_INK;SEASHELLS;1847.0;1
23200;;;KELP;SEASHELLS;2033.0;1
23200;;;SQUID_INK;SEASHELLS;1842.0;1
23400;;;KELP;SEASHELLS;2033.0;15
23400;;;SQUID_INK;SEASHELLS;1840.0;15
23600;;;DJEMBES;SEASHELLS;13413.0;5
23600;;;KELP;SEASHELLS;2033.0;1
23600;;;SQUID_INK;SEASHELLS;1843.0;1
24000;;;JAMS;SEASHELLS;6538.0;7
24100;;;CROISSANTS;SEASHELLS;4272.0;5
24100;;;JAMS;SEASHELLS;6539.0;6
24100;;;PICNIC_BASKET1;SEASHELLS;58683.0;2
24300;;;DJEMBES;SEASHELLS;13410.0;2
24300;;;KELP;SEASHELLS;2033.0;1
24300;;;RAINFOREST_RESIN;SEASHELLS;10002.0;1
24300;;;SQUID_INK;SEASHELLS;1846.0;1
24500;;;KELP;SEASHELLS;2033.0;9
24500;;;SQUID_INK;SEASHELLS;1844.0;9
25100;;;CROISSANTS;SEASHELLS;4270.0;5
25100;;;CROISSANTS;SEASHELLS;4271.0;7
25100;;;JAMS;SEASHELLS;6539.0;10
25100;;;RAINFOREST_RESIN;SEASHELLS;9998.0;1
25200;;;CROISSANTS;SEASHELLS;4272.0;8
25300;;;PICNIC_BASKET2;SEASHELLS;30241.0;1
25700;;;DJEMBES;SEASHELLS;13410.0;5
25700;;;JAMS;SEASHELLS;6539.0;6
25800;;;JAMS;SEASHELLS;6539.0;9
25900;;;DJEMBES;SEASHELLS;13412.0;2
25900;;;KELP;SEASHELLS;2036.0;2
25900;;;RAINFOREST_RESIN;SEASHELLS;10004.0;2
25900;;;SQUID_INK;SEASHELLS;1852.0;2
26000;;;KELP;SEASHELLS;2035.0;1
26000;;;SQUID_INK;SEASHELLS;1851.0;1
26100;;;JAMS;SEASHELLS;6537.0;9
26200;;;RAINFOREST_RESIN;SEASHELLS;10002.0;1
26300;;;KELP;SEASHELLS;2033.0;1
26300;;;RAINFOREST_RESIN;SEASHELLS;10002.0;4
26300;;;SQUID_INK;SEASHELLS;1848.0;1
26600;;;RAINFOREST_RESIN;SEASHELLS;9998.0;4
26700;;;KELP;SEASHELLS;2035.0;1
26700;;;SQUID_INK;SEASHELLS;1846.0;1
26800;;;RAINFOREST_RESIN;SEASHELLS;10002.0;1
27000;;;CROISSANTS;SEASHELLS;4272.0;6
27000;;;PICNIC_BASKET1;SEASHELLS;58649.0;1
27000;;;PICNIC_BASKET2;SEASHELLS;30239.0;1
27100;;;KELP;SEASHELLS;2035.0;1
27100;;;RAINFOREST_RESIN;SEASHELLS;9998.0;1
27100;;;SQUID_INK;SEASHELLS;1851.0;1
27200;;;DJEMBES;SEASHELLS;13408.0;5
27200;;;KELP;SEASHELLS;2035.0;1
27200;;;SQUID_INK;SEASHELLS;1853.0;1
27300;;;DJEMBES;SEASHELLS;13408.0;1
27300;;;KELP;SEASHELLS;2033.0;1
27300;;;SQUID_INK;SEASHELLS;1850.0;1
27400;;;RAINFOREST_RESIN;SEASHELLS;9998.0;6
27400;;;RAINFOREST_RESIN;SEASHELLS;9998.0;3
27800;;;RAINFOREST_RESIN;SEASHELLS;9998.0;3
28100;;;RAINFOREST_RESIN;SEASHELLS;10004.0;1
28100;;;RAINFOREST_RESIN;SEASHELLS;10004.0;2
28400;;;CROISSANTS;SEASHELLS;4274.0;7
28400;;;DJEMBES;SEASHELLS;13413.0;1
28500;;;KELP;SEASHELLS;2033.0;1
28500;;;SQUID_INK;SEASHELLS;1847.0;1
28600;;;KELP;SEASHELLS;2033.0;1
28600;;;KELP;SEASHELLS;2034.0;5
28600;;;SQUID_INK;SEASHELLS;1848.0;1
28700;;;KELP;SEASHELLS;2033.0;1
28700;;;SQUID_INK;SEASHELLS;1848.0;1
29000;;;JAMS;SEASHELLS;6534.0;7
29000;;;RAINFOREST_RESIN;SEASHELLS;10002.0;1
29300;;;KELP;SEASHELLS;2035.0;1
29300;;;SQUID_INK;SEASHELLS;1851.0;1
29400;;;RAINFOREST_RESIN;SEASHELLS;10002.0;1
29500;;;KELP;SEASHELLS;2033.0;1
29500;;;SQUID_INK;SEASHELLS;1850.0;1
29600;;;KELP;SEASHELLS;2034.0;4
29800;;;RAINFOREST_RESIN;SEASHELLS;10005.0;5
29900;;;KELP;SEASHELLS;2036.0;15
29900;;;SQUID_INK;SEASHELLS;1857.0;15
30000;;;PICNIC_BASKET1;SEASHELLS;58658.0;2
30000;;;PICNIC_BASKET2;SEASHELLS;30231.0;2
30000;;;PICNIC_BASKET2;SEASHELLS;30234.0;2
30100;;;CROISSANTS;SEASHELLS;4273.0;5
30200;;;JAMS;SEASHELLS;6532.0;10
30200;;;RAINFOREST_RESIN;SEASHELLS;9998.0;1
30400;;;KELP;SEASHELLS;2035.0;3
30400;;;SQUID_INK;SEASHELLS;1852.0;3
30600;;;RAINFOREST_RESIN;SEASHELLS;10002.0;1
30900;;;DJEMBES;SEASHELLS;13415.0;1
31000;;;KELP;SEASHELLS;2036.0;1
31000;;;RAINFOREST_RESIN;SEASHELLS;10002.0;1
31000;;;RAINFOREST_RESIN;SEASHELLS;10002.0;1
31000;;;SQUID_INK;SEASHELLS;1852.0;1
31100;;;KELP;SEASHELLS;2035.0;1
31100;;;KELP;SEASHELLS;2034.0;9
31100;;;RAINFOREST_RESIN;SEASHELLS;10002.0;1
31100;;;SQUID_INK;SEASHELLS;1852.0;1
31100;;;SQUID_INK;SEASHELLS;1850.0;9
31200;;;DJEMBES;SEASHELLS;13417.0;1
31200;;;KELP;SEASHELLS;2034.0;1
31200;;;RAINFOREST_RESIN;SEASHELLS;10002.0;1
31200;;;RAINFOREST_RESIN;SEASHELLS;10002.0;6
31200;;;SQUID_INK;SEASHELLS;1850.0;1
31300;;;JAMS;SEASHELLS;6533.0;4
31400;;;RAINFOREST_RESIN;SEASHELLS;10002.0;3
31600;;;RAINFOREST_RESIN;SEASHELLS;9998.0;1
31600;;;RAINFOREST_RESIN;SEASHELLS;9998.0;3
31700;;;RAINFOREST_RESIN;SEASHELLS;10002.0;1
31700;;;RAINFOREST_RESIN;SEASHELLS;9995.0;3
31800;;;DJEMBES;SEASHELLS;13416.0;4
32100;;;KELP;SEASHELLS;2033.0;2
32100;;;RAINFOREST_RESIN;SEASHELLS;9998.0;2
32100;;;SQUID_INK;SEASHELLS;1848.0;2
32500;;;JAMS;SEASHELLS;6533.0;3
32500;;;KELP;SEASHELLS;2037.0;9
32500;;;RAINFOREST_RESIN;SEASHELLS;10002.0;1
32500;;;SQUID_INK;SEASHELLS;1848.0;2
32500;;;SQUID_INK;SEASHELLS;1848.0;7
32700;;;JAMS;SEASHELLS;6533.0;4
32700;;;PICNIC_BASKET1;SEASHELLS;58683.0;1
32700;;;PICNIC_BASKET2;SEASHELLS;30246.0;1
32800;;;CROISSANTS;SEASHELLS;4278.0;7
32800;;;DJEMBES;SEASHELLS;13413.0;4
33200;;;KELP;SEASHELLS;2036.0;1
33200;;;SQUID_INK;SEASHELLS;1837.0;1
33300;;;JAMS;SEASHELLS;6533.0;4
33400;;;DJEMBES;SEASHELLS;13412.0;4
33600;;;PICNIC_BASKET2;SEASHELLS;30240.0;2
33600;;;RAINFOREST_RESIN;SEASHELLS;9998.0;2
33700;;;CROISSANTS;SEASHELLS;4278.0;8
33900;;;RAINFOREST_RESIN;SEASHELLS;10004.0;1
33900;;;RAINFOREST_RESIN;SEASHELLS;10004.0;11
34000;;;KELP;SEASHELLS;2036.0;1
34000;;;SQUID_INK;SEASHELLS;1848.0;1
34200;;;RAINFOREST_RESIN;SEASHELLS;10002.0;1
34300;;;KELP;SEASHELLS;2034.0;1
34300;;;SQUID_INK;SEASHELLS;1846.0;1
34600;;;KELP;SEASHELLS;2037.0;14
34600;;;SQUID_INK;SEASHELLS;1849.0;14
34800;;;JAMS;SEASHELLS;6533.0;8
34800;;;KELP;SEASHELLS;2034.0;10
34800;;;SQUID_INK;SEASHELLS;1846.0;10
35200;;;CROISSANTS;SEASHELLS;4277.0;8
35200;;;JAMS;SEASHELLS;6532.0;7
35400;;;RAINFOREST_RESIN;SEASHELLS;10002.0;1
35600;;;JAMS;SEASHELLS;6532.0;6
35700;;;DJEMBES;SEASHELLS;13409.0;1
35700;;;KELP;SEASHELLS;2037.0;11
35700;;;SQUID_INK;SEASHELLS;1845.0;11
36000;;;DJEMBES;SEASHELLS;13409.0;2
36000;;;KELP;SEASHELLS;2035.0;2
36000;;;SQUID_INK;SEASHELLS;1842.0;2
36100;;;JAMS;SEASHELLS;6532.0;7
36400;;;DJEMBES;SEASHELLS;13411.0;1
36400;;;JAMS;SEASHELLS;6530.0;5
36500;;;KELP;SEASHELLS;2034.0;1
36500;;;SQUID_INK;SEASHELLS;1843.0;1
36600;;;DJEMBES;SEASHELLS;13409.0;5
36600;;;KELP;SEASHELLS;2035.0;2
36600;;;SQUID_INK;SEASHELLS;1842.0;2
36700;;;JAMS;SEASHELLS;6531.0;7
36700;;;RAINFOREST_RESIN;SEASHELLS;10002.0;1
36700;;;RAINFOREST_RESIN;SEASHELLS;10002.0;1
37100;;;KELP;SEASHELLS;2037.0;9
37100;;;SQUID_INK;SEASHELLS;1847.0;9
37300;;;RAINFOREST_RESIN;SEASHELLS;9996.0;1
37400;;;PICNIC_BASKET1;SEASHELLS;58645.0;4
37400;;;PICNIC_BASKET2;SEASHELLS;30260.0;4
37500;;;CROISSANTS;SEASHELLS;4277.0;8
37500;;;DJEMBES;SEASHELLS;13399.0;7
37600;;;DJEMBES;SEASHELLS;13400.0;5
37600;;;KELP;SEASHELLS;2036.0;1
37600;;;KELP;SEASHELLS;2034.0;9
37600;;;RAINFOREST_RESIN;SEASHELLS;10004.0;1
37600;;;RAINFOREST_RESIN;SEASHELLS;10004.0;9
37600;;;SQUID_INK;SEASHELLS;1847.0;1
37600;;;SQUID_INK;SEASHELLS;1845.0;9
37800;;;KELP;SEASHELLS;2037.0;2
37800;;;RAINFOREST_RESIN;SEASHELLS;10004.0;2
37800;;;SQUID_INK;SEASHELLS;1851.0;2
38400;;;DJEMBES;SEASHELLS;13396.0;5
38400;;;JAMS;SEASHELLS;6531.0;6
38400;;;KELP;SEASHELLS;2034.0;4
38400;;;SQUID_INK;SEASHELLS;1850.0;2
38400;;;SQUID_INK;SEASHELLS;1850.0;2
38600;;;JAMS;SEASHELLS;6532.0;7
38700;;;DJEMBES;SEASHELLS;13395.0;1
38700;;;KELP;SEASHELLS;2034.0;1
38700;;;RAINFOREST_RESIN;SEASHELLS;10004.0;2
38700;;;SQUID_INK;SEASHELLS;1850.0;1
38900;;;DJEMBES;SEASHELLS;13394.0;5
39100;;;KELP;SEASHELLS;2037.0;1
39100;;;RAINFOREST_RESIN;SEASHELLS;9998.0;1
39100;;;SQUID_INK;SEASHELLS;1853.0;1
39200;;;KELP;SEASHELLS;2034.0;2
39200;;;KELP;SEASHELLS;2035.0;4
39200;;;PICNIC_BASKET1;SEASHELLS;58629.0;10
39200;;;PICNIC_BASKET2;SEASHELLS;30257.0;10
39200;;;RAINFOREST_RESIN;SEASHELLS;9995.0;2
39200;;;SQUID_INK;SEASHELLS;1849.0;2
39200;;;SQUID_INK;SEASHELLS;1850.0;4
39700;;;CROISSANTS;SEASHELLS;4277.0;5
39700;;;KELP;SEASHELLS;2034.0;1
39700;;;SQUID_INK;SEASHELLS;1849.0;1
39800;;;CROISSANTS;SEASHELLS;4276.0;6
40000;;;KELP;SEASHELLS;2034.0;14
40000;;;SQUID_INK;SEASHELLS;1849.0;14
40200;;;JAMS;SEASHELLS;6531.0;4
40200;;;KELP;SEASHELLS;2037.0;6
40200;;;SQUID_INK;SEASHELLS;1854.0;6
40500;;;JAMS;SEASHELLS;6531.0;5
40500;;;KELP;SEASHELLS;2037.0;13
40500;;;SQUID_INK;SEASHELLS;1854.0;13
40600;;;RAINFOREST_RESIN;SEASHELLS;10002.0;1
40700;;;KELP;SEASHELLS;2036.0;1
40900;;;DJEMBES;SEASHELLS;13388.0;5
41100;;;JAMS;SEASHELLS;6531.0;6
41200;;;PICNIC_BASKET1;SEASHELLS;58645.0;10
41200;;;PICNIC_BASKET2;SEASHELLS;30285.0;10
41400;;;JAMS;SEASHELLS;6531.0;3
41400;;;KELP;SEASHELLS;2034.0;5
41400;;;SQUID_INK;SEASHELLS;1855.0;5
41800;;;KELP;SEASHELLS;2034.0;1
41800;;;SQUID_INK;SEASHELLS;1857.0;1
41900;;;JAMS;SEASHELLS;6531.0;5
42000;;;RAINFOREST_RESIN;SEASHELLS;9998.0;1
42300;;;DJEMBES;SEASHELLS;13385.0;3
42400;;;KELP;SEASHELLS;2034.0;1
42400;;;PICNIC_BASKET1;SEASHELLS;58642.0;2
42400;;;PICNIC_BASKET2;SEASHELLS;30287.0;5
42400;;;RAINFOREST_RESIN;SEASHELLS;9996.0;1
42400;;;SQUID_INK;SEASHELLS;1859.0;1
42500;;;DJEMBES;SEASHELLS;13386.0;3
42500;;;JAMS;SEASHELLS;6531.0;12
42500;;;SQUID_INK;SEASHELLS;1861.0;2
42600;;;CROISSANTS;SEASHELLS;4277.0;4
42800;;;KELP;SEASHELLS;2035.0;2
42800;;;SQUID_INK;SEASHELLS;1859.0;2
43100;;;JAMS;SEASHELLS;6531.0;6
43200;;;RAINFOREST_RESIN;SEASHELLS;9996.0;2
43400;;;JAMS;SEASHELLS;6535.0;6
43500;;;CROISSANTS;SEASHELLS;4275.0;8
43500;;;JAMS;SEASHELLS;6533.0;11
43600;;;RAINFOREST_RESIN;SEASHELLS;10002.0;2
43800;;;KELP;SEASHELLS;2037.0;1
43800;;;KELP;SEASHELLS;2037.0;4
43800;;;SQUID_INK;SEASHELLS;1856.0;5
43900;;;KELP;SEASHELLS;2034.0;1
43900;;;KELP;SEASHELLS;2037.0;2
43900;;;RAINFOREST_RESIN;SEASHELLS;10002.0;1
43900;;;RAINFOREST_RESIN;SEASHELLS;10002.0;4
43900;;;RAINFOREST_RESIN;SEASHELLS;10002.0;2
43900;;;SQUID_INK;SEASHELLS;1852.0;1
43900;;;SQUID_INK;SEASHELLS;1855.0;2
44100;;;PICNIC_BASKET1;SEASHELLS;58664.0;2
44100;;;PICNIC_BASKET2;SEASHELLS;30272.0;6
44200;;;CROISSANTS;SEASHELLS;4275.0;8
44300;;;RAINFOREST_RESIN;SEASHELLS;9998.0;2
44400;;;JAMS;SEASHELLS;6534.0;4
44600;;;PICNIC_BASKET1;SEASHELLS;58652.0;1
44600;;;PICNIC_BASKET1;SEASHELLS;58652.0;4
44600;;;PICNIC_BASKET2;SEASHELLS;30263.0;5
44700;;;KELP;SEASHELLS;2036.0;1
44700;;;SQUID_INK;SEASHELLS;1851.0;1
44800;;;PICNIC_BASKET1;SEASHELLS;58625.0;8
44800;;;PICNIC_BASKET2;SEASHELLS;30254.0;8
45000;;;KELP;SEASHELLS;2034.0;1
45000;;;SQUID_INK;SEASHELLS;1847.0;1
45100;;;JAMS;SEASHELLS;6532.0;8
45200;;;KELP;SEASHELLS;2034.0;1
45200;;;RAINFOREST_RESIN;SEASHELLS;10002.0;1
45200;;;SQUID_INK;SEASHELLS;1848.0;1
45300;;;KELP;SEASHELLS;2034.0;1
45300;;;PICNIC_BASKET1;SEASHELLS;58622.0;5
45300;;;PICNIC_BASKET2;SEASHELLS;30262.0;5
45300;;;SQUID_INK;SEASHELLS;1848.0;1
45500;;;KELP;SEASHELLS;2034.0;1
45500;;;KELP;SEASHELLS;2034.0;2
45500;;;RAINFOREST_RESIN;SEASHELLS;9998.0;3
45500;;;SQUID_INK;SEASHELLS;1847.0;3
45900;;;KELP;SEASHELLS;2033.0;1
45900;;;SQUID_INK;SEASHELLS;1848.0;1
46000;;;RAINFOREST_RESIN;SEASHELLS;9998.0;1
46300;;;DJEMBES;SEASHELLS;13384.0;3
46400;;;KELP;SEASHELLS;2035.0;1
46500;;;KELP;SEASHELLS;2035.0;2
46500;;;RAINFOREST_RESIN;SEASHELLS;9998.0;1
46500;;;SQUID_INK;SEASHELLS;1847.0;2
46600;;;JAMS;SEASHELLS;6530.0;10
46600;;;KELP;SEASHELLS;2035.0;1
46700;;;DJEMBES;SEASHELLS;13383.0;2
46900;;;KELP;SEASHELLS;2033.0;10
46900;;;SQUID_INK;SEASHELLS;1847.0;10
47000;;;DJEMBES;SEASHELLS;13387.0;1
47000;;;JAMS;SEASHELLS;6528.0;11
47200;;;KELP;SEASHELLS;2035.0;1
47200;;;SQUID_INK;SEASHELLS;1848.0;1
47400;;;KELP;SEASHELLS;2035.0;2
47400;;;RAINFOREST_RESIN;SEASHELLS;9998.0;1
47400;;;SQUID_INK;SEASHELLS;1847.0;2
47700;;;KELP;SEASHELLS;2033.0;10
47700;;;SQUID_INK;SEASHELLS;1845.0;10
47800;;;JAMS;SEASHELLS;6529.0;10
48000;;;DJEMBES;SEASHELLS;13389.0;3
48000;;;RAINFOREST_RESIN;SEASHELLS;10002.0;1
48100;;;JAMS;SEASHELLS;6530.0;7
48100;;;SQUID_INK;SEASHELLS;1845.0;1
48200;;;KELP;SEASHELLS;2033.0;1
48200;;;SQUID_INK;SEASHELLS;1842.0;1
48300;;;KELP;SEASHELLS;2034.0;1
48300;;;KELP;SEASHELLS;2034.0;4
48300;;;SQUID_INK;SEASHELLS;1839.0;1
48300;;;SQUID_INK;SEASHELLS;1839.0;4
48700;;;DJEMBES;SEASHELLS;13389.0;1
48800;;;JAMS;SEASHELLS;6530.0;8
48900;;;KELP;SEASHELLS;2033.0;1
49000;;;RAINFOREST_RESIN;SEASHELLS;10004.0;1
49000;;;RAINFOREST_RESIN;SEASHELLS;10004.0;1
49400;;;JAMS;SEASHELLS;6532.0;8
49600;;;CROISSANTS;SEASHELLS;4272.0;7
49800;;;KELP;SEASHELLS;2034.0;1
49800;;;KELP;SEASHELLS;2037.0;1
49800;;;RAINFOREST_RESIN;SEASHELLS;10002.0;1
49800;;;SQUID_INK;SEASHELLS;1832.0;1
49800;;;SQUID_INK;SEASHELLS;1835.0;1
50100;;;RAINFOREST_RESIN;SEASHELLS;10002.0;4
50200;;;DJEMBES;SEASHELLS;13388.0;8
50200;;;JAMS;SEASHELLS;6528.0;11
50400;;;JAMS;SEASHELLS;6530.0;9
50400;;;KELP;SEASHELLS;2034.0;2
50400;;;KELP;SEASHELLS;2034.0;1
50400;;;SQUID_INK;SEASHELLS;1831.0;2
50400;;;SQUID_INK;SEASHELLS;1831.0;1
50600;;;DJEMBES;SEASHELLS;13387.0;5
50600;;;KELP;SEASHELLS;2036.0;1
50600;;;KELP;SEASHELLS;2035.0;4
50600;;;SQUID_INK;SEASHELLS;1833.0;1
50600;;;SQUID_INK;SEASHELLS;1832.0;4
50900;;;KELP;SEASHELLS;2034.0;1
50900;;;SQUID_INK;SEASHELLS;1831.0;1
51000;;;JAMS;SEASHELLS;6530.0;6
51300;;;CROISSANTS;SEASHELLS;4274.0;5
51400;;;KELP;SEASHELLS;2036.0;5
51400;;;SQUID_INK;SEASHELLS;1831.0;5
51500;;;JAMS;SEASHELLS;6529.0;9
51500;;;KELP;SEASHELLS;2037.0;4
51500;;;KELP;SEASHELLS;2034.0;2
51500;;;RAINFOREST_RESIN;SEASHELLS;9995.0;2
51500;;;SQUID_INK;SEASHELLS;1832.0;4
51500;;;SQUID_INK;SEASHELLS;1829.0;2
51600;;;KELP;SEASHELLS;2036.0;1
51600;;;PICNIC_BASKET1;SEASHELLS;58636.0;2
51600;;;SQUID_INK;SEASHELLS;1829.0;1
52000;;;RAINFOREST_RESIN;SEASHELLS;9998.0;1
52200;;;RAINFOREST_RESIN;SEASHELLS;10002.0;1
52200;;;SQUID_INK;SEASHELLS;1827.0;1
52400;;;RAINFOREST_RESIN;SEASHELLS;10002.0;4
52400;;;RAINFOREST_RESIN;SEASHELLS;10002.0;3
52600;;;KELP;SEASHELLS;2034.0;2
52600;;;RAINFOREST_RESIN;SEASHELLS;10004.0;1
52600;;;SQUID_INK;SEASHELLS;1834.0;2
52700;;;CROISSANTS;SEASHELLS;4273.0;6
52700;;;JAMS;SEASHELLS;6527.0;11
52700;;;KELP;SEASHELLS;2036.0;1
52700;;;SQUID_INK;SEASHELLS;1838.0;1
52800;;;JAMS;SEASHELLS;6526.0;8
52800;;;KELP;SEASHELLS;2036.0;1
53000;;;DJEMBES;SEASHELLS;13388.0;2
53100;;;PICNIC_BASKET1;SEASHELLS;58632.0;2
53100;;;PICNIC_BASKET1;SEASHELLS;58632.0;4
53100;;;RAINFOREST_RESIN;SEASHELLS;9998.0;5
53300;;;KELP;SEASHELLS;2034.0;8
53300;;;SQUID_INK;SEASHELLS;1840.0;8
53800;;;CROISSANTS;SEASHELLS;4272.0;7
54000;;;RAINFOREST_RESIN;SEASHELLS;10002.0;1
54100;;;KELP;SEASHELLS;2037.0;2
54100;;;RAINFOREST_RESIN;SEASHELLS;10004.0;1
54100;;;RAINFOREST_RESIN;SEASHELLS;10004.0;1
54100;;;SQUID_INK;SEASHELLS;1841.0;2
54200;;;KELP;SEASHELLS;2034.0;1
54200;;;SQUID_INK;SEASHELLS;1840.0;1
54300;;;KELP;SEASHELLS;2034.0;2
54300;;;RAINFOREST_RESIN;SEASHELLS;10002.0;1
54300;;;SQUID_INK;SEASHELLS;1836.0;2
54500;;;DJEMBES;SEASHELLS;13384.0;4
54600;;;RAINFOREST_RESIN;SEASHELLS;10002.0;2
54700;;;DJEMBES;SEASHELLS;13385.0;5
54700;;;KELP;SEASHELLS;2037.0;2
54700;;;RAINFOREST_RESIN;SEASHELLS;10004.0;1
54700;;;RAINFOREST_RESIN;SEASHELLS;10005.0;2
54700;;;RAINFOREST_RESIN;SEASHELLS;10004.0;4
54700;;;SQUID_INK;SEASHELLS;1842.0;2
54800;;;DJEMBES;SEASHELLS;13386.0;1
54900;;;KELP;SEASHELLS;2036.0;1
54900;;;SQUID_INK;SEASHELLS;1841.0;1
55200;;;JAMS;SEASHELLS;6530.0;6
55200;;;KELP;SEASHELLS;2034.0;1
55200;;;PICNIC_BASKET1;SEASHELLS;58661.0;1
55200;;;PICNIC_BASKET2;SEASHELLS;30274.0;7
55200;;;SQUID_INK;SEASHELLS;1838.0;1
55300;;;CROISSANTS;SEASHELLS;4273.0;5
55300;;;DJEMBES;SEASHELLS;13385.0;4
55300;;;KELP;SEASHELLS;2036.0;1
55300;;;RAINFOREST_RESIN;SEASHELLS;10002.0;5
55300;;;RAINFOREST_RESIN;SEASHELLS;10002.0;3
55300;;;SQUID_INK;SEASHELLS;1838.0;1
55400;;;PICNIC_BASKET1;SEASHELLS;58664.0;1
55400;;;PICNIC_BASKET2;SEASHELLS;30274.0;1
55400;;;RAINFOREST_RESIN;SEASHELLS;9998.0;6
55500;;;PICNIC_BASKET1;SEASHELLS;58656.0;2
55500;;;PICNIC_BASKET1;SEASHELLS;58660.0;1
55500;;;PICNIC_BASKET2;SEASHELLS;30272.0;2
55500;;;PICNIC_BASKET2;SEASHELLS;30274.0;1
55700;;;DJEMBES;SEASHELLS;13385.0;1
55900;;;JAMS;SEASHELLS;6529.0;9
55900;;;RAINFOREST_RESIN;SEASHELLS;9998.0;4
56000;;;JAMS;SEASHELLS;6529.0;5
56500;;;RAINFOREST_RESIN;SEASHELLS;10002.0;6
56700;;;JAMS;SEASHELLS;6529.0;10
56700;;;KELP;SEASHELLS;2034.0;2
56700;;;RAINFOREST_RESIN;SEASHELLS;9998.0;1
56700;;;SQUID_INK;SEASHELLS;1841.0;2
56700;;;SQUID_INK;SEASHELLS;1841.0;2
57100;;;KELP;SEASHELLS;2036.0;1
57100;;;RAINFOREST_RESIN;SEASHELLS;9998.0;1
57300;;;JAMS;SEASHELLS;6530.0;10
57300;;;KELP;SEASHELLS;2035.0;1
57500;;;DJEMBES;SEASHELLS;13386.0;1
57600;;;DJEMBES;SEASHELLS;13385.0;3
57600;;;RAINFOREST_RESIN;SEASHELLS;9998.0;1
57700;;;JAMS;SEASHELLS;6531.0;11
57800;;;PICNIC_BASKET1;SEASHELLS;58670.0;2
57800;;;PICNIC_BASKET2;SEASHELLS;30276.0;2
57900;;;SQUID_INK;SEASHELLS;1840.0;5
58000;;;KELP;SEASHELLS;2037.0;14
58000;;;SQUID_INK;SEASHELLS;1843.0;14
58100;;;DJEMBES;SEASHELLS;13383.0;4
58100;;;RAINFOREST_RESIN;SEASHELLS;10005.0;7
58400;;;PICNIC_BASKET1;SEASHELLS;58658.0;8
58400;;;PICNIC_BASKET2;SEASHELLS;30270.0;8
58600;;;KELP;SEASHELLS;2033.0;1
58600;;;RAINFOREST_RESIN;SEASHELLS;9996.0;1
58600;;;SQUID_INK;SEASHELLS;1840.0;1
58800;;;KELP;SEASHELLS;2035.0;2
58800;;;RAINFOREST_RESIN;SEASHELLS;10004.0;1
58800;;;RAINFOREST_RESIN;SEASHELLS;10004.0;1
58800;;;SQUID_INK;SEASHELLS;1839.0;2
58900;;;JAMS;SEASHELLS;6532.0;8
58900;;;KELP;SEASHELLS;2037.0;2
58900;;;KELP;SEASHELLS;2036.0;1
58900;;;RAINFOREST_RESIN;SEASHELLS;10004.0;2
58900;;;SQUID_INK;SEASHELLS;1842.0;2
58900;;;SQUID_INK;SEASHELLS;1841.0;1
59000;;;PICNIC_BASKET1;SEASHELLS;58675.0;6
59100;;;JAMS;SEASHELLS;6532.0;7
59100;;;RAINFOREST_RESIN;SEASHELLS;9998.0;1
59400;;;RAINFOREST_RESIN;SEASHELLS;10002.0;1
59600;;;DJEMBES;SEASHELLS;13388.0;2
59600;;;RAINFOREST_RESIN;SEASHELLS;10002.0;1
59700;;;KELP;SEASHELLS;2036.0;1
59700;;;SQUID_INK;SEASHELLS;1844.0;1
59900;;;KELP;SEASHELLS;2034.0;2
59900;;;RAINFOREST_RESIN;SEASHELLS;9996.0;2
59900;;;SQUID_INK;SEASHELLS;1845.0;2
60000;;;DJEMBES;SEASHELLS;13386.0;4
60000;;;RAINFOREST_RESIN;SEASHELLS;9998.0;3
60100;;;CROISSANTS;SEASHELLS;4273.0;6
60100;;;DJEMBES;SEASHELLS;13386.0;4
60200;;;PICNIC_BASKET1;SEASHELLS;58675.0;1
60200;;;PICNIC_BASKET2;SEASHELLS;30285.0;7
60300;;;DJEMBES;SEASHELLS;13389.0;3
60400;;;JAMS;SEASHELLS;6531.0;4
60400;;;RAINFOREST_RESIN;SEASHELLS;9996.0;2
60400;;;RAINFOREST_RESIN;SEASHELLS;9996.0;5
60400;;;RAINFOREST_RESIN;SEASHELLS;9998.0;1
60600;;;CROISSANTS;SEASHELLS;4272.0;5
60600;;;KELP;SEASHELLS;2034.0;1
60600;;;RAINFOREST_RESIN;SEASHELLS;9996.0;1
60600;;;SQUID_INK;SEASHELLS;1840.0;1
60700;;;KELP;SEASHELLS;2034.0;1
60700;;;SQUID_INK;SEASHELLS;1840.0;1
60800;;;KELP;SEASHELLS;2036.0;1
60800;;;SQUID_INK;SEASHELLS;1842.0;1
61000;;;RAINFOREST_RESIN;SEASHELLS;9998.0;1
61100;;;JAMS;SEASHELLS;6528.0;10
61200;;;KELP;SEASHELLS;2034.0;3
61200;;;KELP;SEASHELLS;2034.0;1
61200;;;SQUID_INK;SEASHELLS;1841.0;3
61200;;;SQUID_INK;SEASHELLS;1841.0;1
61400;;;CROISSANTS;SEASHELLS;4274.0;6
61400;;;DJEMBES;SEASHELLS;13390.0;3
61500;;;KELP;SEASHELLS;2036.0;1
61500;;;SQUID_INK;SEASHELLS;1844.0;1
61800;;;KELP;SEASHELLS;2034.0;1
61800;;;SQUID_INK;SEASHELLS;1840.0;1
61900;;;KELP;SEASHELLS;2033.0;9
61900;;;SQUID_INK;SEASHELLS;1840.0;9
62000;;;JAMS;SEASHELLS;6530.0;9
62000;;;PICNIC_BASKET1;SEASHELLS;58695.0;3
62000;;;PICNIC_BASKET2;SEASHELLS;30292.0;3
62300;;;PICNIC_BASKET1;SEASHELLS;58703.0;7
62300;;;PICNIC_BASKET2;SEASHELLS;30292.0;7
62600;;;CROISSANTS;SEASHELLS;4273.0;7
62700;;;DJEMBES;SEASHELLS;13391.0;5
62700;;;KELP;SEASHELLS;2037.0;15
62700;;;RAINFOREST_RESIN;SEASHELLS;9998.0;1
62700;;;SQUID_INK;SEASHELLS;1837.0;15
62800;;;RAINFOREST_RESIN;SEASHELLS;9995.0;12
63000;;;DJEMBES;SEASHELLS;13392.0;2
63100;;;RAINFOREST_RESIN;SEASHELLS;9998.0;1
63200;;;JAMS;SEASHELLS;6530.0;9
63300;;;KELP;SEASHELLS;2036.0;1
63300;;;RAINFOREST_RESIN;SEASHELLS;10002.0;1
63300;;;RAINFOREST_RESIN;SEASHELLS;10002.0;4
63300;;;SQUID_INK;SEASHELLS;1837.0;1
63600;;;DJEMBES;SEASHELLS;13391.0;3
63600;;;KELP;SEASHELLS;2036.0;1
63600;;;SQUID_INK;SEASHELLS;1838.0;1
63700;;;KELP;SEASHELLS;2035.0;5
63700;;;KELP;SEASHELLS;2035.0;7
63700;;;SQUID_INK;SEASHELLS;1836.0;5
63900;;;SQUID_INK;SEASHELLS;1834.0;2
64000;;;KELP;SEASHELLS;2034.0;1
64000;;;SQUID_INK;SEASHELLS;1831.0;1
64100;;;JAMS;SEASHELLS;6528.0;7
64300;;;JAMS;SEASHELLS;6528.0;8
64600;;;RAINFOREST_RESIN;SEASHELLS;9996.0;2
64700;;;JAMS;SEASHELLS;6527.0;8
64800;;;SQUID_INK;SEASHELLS;1838.0;1
64900;;;RAINFOREST_RESIN;SEASHELLS;9998.0;4
65000;;;JAMS;SEASHELLS;6528.0;7
65200;;;KELP;SEASHELLS;2034.0;1
65200;;;SQUID_INK;SEASHELLS;1838.0;1
65300;;;DJEMBES;SEASHELLS;13391.0;1
65400;;;KELP;SEASHELLS;2034.0;1
65400;;;KELP;SEASHELLS;2034.0;2
65400;;;SQUID_INK;SEASHELLS;1838.0;1
65400;;;SQUID_INK;SEASHELLS;1838.0;2
65600;;;CROISSANTS;SEASHELLS;4273.0;5
65700;;;KELP;SEASHELLS;2034.0;1
65700;;;SQUID_INK;SEASHELLS;1837.0;1
65800;;;RAINFOREST_RESIN;SEASHELLS;10002.0;1
65900;;;DJEMBES;SEASHELLS;13389.0;1
66100;;;KELP;SEASHELLS;2037.0;2
66100;;;RAINFOREST_RESIN;SEASHELLS;10004.0;2
66100;;;SQUID_INK;SEASHELLS;1840.0;2
66200;;;RAINFOREST_RESIN;SEASHELLS;10002.0;1
66300;;;KELP;SEASHELLS;2037.0;4
66300;;;SQUID_INK;SEASHELLS;1840.0;4
66500;;;CROISSANTS;SEASHELLS;4272.0;5
66500;;;KELP;SEASHELLS;2037.0;11
66500;;;SQUID_INK;SEASHELLS;1840.0;11
66600;;;RAINFOREST_RESIN;SEASHELLS;10002.0;2
67400;;;CROISSANTS;SEASHELLS;4272.0;5
67400;;;RAINFOREST_RESIN;SEASHELLS;9996.0;1
67400;;;RAINFOREST_RESIN;SEASHELLS;9996.0;4
67600;;;CROISSANTS;SEASHELLS;4272.0;9
67700;;;SQUID_INK;SEASHELLS;1832.0;3
67800;;;RAINFOREST_RESIN;SEASHELLS;9996.0;2
67800;;;RAINFOREST_RESIN;SEASHELLS;9996.0;3
68000;;;DJEMBES;SEASHELLS;13384.0;1
68000;;;KELP;SEASHELLS;2036.0;1
68000;;;RAINFOREST_RESIN;SEASHELLS;10002.0;1
68000;;;SQUID_INK;SEASHELLS;1835.0;1
68200;;;RAINFOREST_RESIN;SEASHELLS;9998.0;1
68400;;;RAINFOREST_RESIN;SEASHELLS;10002.0;1
68500;;;CROISSANTS;SEASHELLS;4274.0;7
68500;;;KELP;SEASHELLS;2036.0;1
68500;;;KELP;SEASHELLS;2035.0;1
68500;;;RAINFOREST_RESIN;SEASHELLS;10004.0;1
68500;;;SQUID_INK;SEASHELLS;1838.0;1
68500;;;SQUID_INK;SEASHELLS;1838.0;1
68600;;;PICNIC_BASKET1;SEASHELLS;58652.0;5
68600;;;PICNIC_BASKET2;SEASHELLS;30274.0;5
68600;;;RAINFOREST_RESIN;SEASHELLS;9998.0;1
69100;;;KELP;SEASHELLS;2034.0;1
69100;;;RAINFOREST_RESIN;SEASHELLS;9996.0;1
69100;;;SQUID_INK;SEASHELLS;1837.0;1
69300;;;DJEMBES;SEASHELLS;13384.0;5
69700;;;PICNIC_BASKET1;SEASHELLS;58662.0;5
69700;;;PICNIC_BASKET2;SEASHELLS;30257.0;5
69800;;;KELP;SEASHELLS;2034.0;1
69800;;;SQUID_INK;SEASHELLS;1837.0;1
69900;;;RAINFOREST_RESIN;SEASHELLS;10002.0;1
70100;;;JAMS;SEASHELLS;6523.0;4
70100;;;JAMS;SEASHELLS;6525.0;4
70100;;;KELP;SEASHELLS;2034.0;1
70100;;;SQUID_INK;SEASHELLS;1839.0;1
70200;;;DJEMBES;SEASHELLS;13386.0;1
70300;;;KELP;SEASHELLS;2037.0;1
70300;;;RAINFOREST_RESIN;SEASHELLS;10004.0;1
70300;;;SQUID_INK;SEASHELLS;1841.0;1
70400;;;JAMS;SEASHELLS;6522.0;5
70400;;;PICNIC_BASKET1;SEASHELLS;58670.0;2
70400;;;PICNIC_BASKET2;SEASHELLS;30265.0;7
70500;;;KELP;SEASHELLS;2034.0;3
70500;;;SQUID_INK;SEASHELLS;1838.0;3
70600;;;KELP;SEASHELLS;2034.0;1
70600;;;SQUID_INK;SEASHELLS;1839.0;1
70700;;;KELP;SEASHELLS;2037.0;1
70700;;;RAINFOREST_RESIN;SEASHELLS;10005.0;1
70700;;;SQUID_INK;SEASHELLS;1841.0;1
70900;;;DJEMBES;SEASHELLS;13386.0;4
70900;;;KELP;SEASHELLS;2034.0;1
70900;;;SQUID_INK;SEASHELLS;1838.0;1
71000;;;CROISSANTS;SEASHELLS;4274.0;8
71000;;;KELP;SEASHELLS;2036.0;1
71000;;;RAINFOREST_RESIN;SEASHELLS;9998.0;8
71000;;;SQUID_INK;SEASHELLS;1839.0;1
71100;;;JAMS;SEASHELLS;6527.0;9
71100;;;RAINFOREST_RESIN;SEASHELLS;9998.0;4
71200;;;JAMS;SEASHELLS;6527.0;9
71200;;;RAINFOREST_RESIN;SEASHELLS;9998.0;1
71400;;;RAINFOREST_RESIN;SEASHELLS;10002.0;2
71700;;;KELP;SEASHELLS;2033.0;1
71700;;;RAINFOREST_RESIN;SEASHELLS;9996.0;1
71700;;;RAINFOREST_RESIN;SEASHELLS;9998.0;1
71700;;;SQUID_INK;SEASHELLS;1843.0;1
71900;;;CROISSANTS;SEASHELLS;4275.0;5
71900;;;PICNIC_BASKET2;SEASHELLS;30270.0;2
72100;;;CROISSANTS;SEASHELLS;4274.0;8
72100;;;RAINFOREST_RESIN;SEASHELLS;9998.0;1
72200;;;CROISSANTS;SEASHELLS;4276.0;7
72200;;;RAINFOREST_RESIN;SEASHELLS;9998.0;1
72400;;;CROISSANTS;SEASHELLS;4275.0;6
72500;;;PICNIC_BASKET1;SEASHELLS;58679.0;1
72500;;;PICNIC_BASKET2;SEASHELLS;30268.0;1
72600;;;PICNIC_BASKET1;SEASHELLS;58681.0;4
72600;;;PICNIC_BASKET2;SEASHELLS;30269.0;4
72800;;;KELP;SEASHELLS;2034.0;8
72800;;;SQUID_INK;SEASHELLS;1846.0;8
72900;;;JAMS;SEASHELLS;6527.0;5
73100;;;JAMS;SEASHELLS;6526.0;4
73400;;;RAINFOREST_RESIN;SEASHELLS;10002.0;1
73600;;;KELP;SEASHELLS;2033.0;2
73600;;;RAINFOREST_RESIN;SEASHELLS;9995.0;2
73600;;;SQUID_INK;SEASHELLS;1838.0;2
73700;;;JAMS;SEASHELLS;6526.0;8
73700;;;RAINFOREST_RESIN;SEASHELLS;10002.0;4
73900;;;CROISSANTS;SEASHELLS;4275.0;5
73900;;;KELP;SEASHELLS;2037.0;2
73900;;;RAINFOREST_RESIN;SEASHELLS;10005.0;2
73900;;;SQUID_INK;SEASHELLS;1841.0;2
74000;;;RAINFOREST_RESIN;SEASHELLS;9998.0;1
74200;;;KELP;SEASHELLS;2035.0;2
74200;;;RAINFOREST_RESIN;SEASHELLS;10002.0;1
74200;;;RAINFOREST_RESIN;SEASHELLS;10002.0;1
74200;;;SQUID_INK;SEASHELLS;1834.0;2
74300;;;KELP;SEASHELLS;2036.0;1
74300;;;KELP;SEASHELLS;2035.0;1
74300;;;RAINFOREST_RESIN;SEASHELLS;9998.0;1
74300;;;RAINFOREST_RESIN;SEASHELLS;10004.0;1
74300;;;SQUID_INK;SEASHELLS;1834.0;1
74300;;;SQUID_INK;SEASHELLS;1833.0;1
74500;;;KELP;SEASHELLS;2036.0;1
74500;;;SQUID_INK;SEASHELLS;1832.0;1
74600;;;DJEMBES;SEASHELLS;13382.0;4
74600;;;RAINFOREST_RESIN;SEASHELLS;9998.0;2
74800;;;JAMS;SEASHELLS;6526.0;12
75000;;;DJEMBES;SEASHELLS;13378.0;3
75000;;;KELP;SEASHELLS;2034.0;1
75000;;;RAINFOREST_RESIN;SEASHELLS;9996.0;1
75000;;;RAINFOREST_RESIN;SEASHELLS;9998.0;4
75000;;;SQUID_INK;SEASHELLS;1830.0;1
75100;;;DJEMBES;SEASHELLS;13379.0;2
75200;;;CROISSANTS;SEASHELLS;4272.0;6
75500;;;JAMS;SEASHELLS;6524.0;4
75500;;;KELP;SEASHELLS;2034.0;2
75500;;;RAINFOREST_RESIN;SEASHELLS;9996.0;1
75500;;;SQUID_INK;SEASHELLS;1831.0;2
75600;;;DJEMBES;SEASHELLS;13379.0;5
75700;;;KELP;SEASHELLS;2037.0;2
75700;;;RAINFOREST_RESIN;SEASHELLS;10004.0;2
75700;;;SQUID_INK;SEASHELLS;1834.0;2
75900;;;CROISSANTS;SEASHELLS;4272.0;8
76000;;;PICNIC_BASKET1;SEASHELLS;58624.0;5
76000;;;PICNIC_BASKET2;SEASHELLS;30251.0;5
76700;;;KELP;SEASHELLS;2034.0;1
76700;;;KELP;SEASHELLS;2034.0;2
76700;;;RAINFOREST_RESIN;SEASHELLS;9998.0;2
76700;;;SQUID_INK;SEASHELLS;1826.0;1
76700;;;SQUID_INK;SEASHELLS;1826.0;2
76900;;;KELP;SEASHELLS;2034.0;1
76900;;;PICNIC_BASKET1;SEASHELLS;58607.0;6
76900;;;PICNIC_BASKET2;SEASHELLS;30246.0;6
76900;;;SQUID_INK;SEASHELLS;1820.0;1
77100;;;CROISSANTS;SEASHELLS;4272.0;7
77300;;;KELP;SEASHELLS;2034.0;1
77300;;;SQUID_INK;SEASHELLS;1821.0;1
77400;;;KELP;SEASHELLS;2036.0;3
77400;;;SQUID_INK;SEASHELLS;1824.0;3
77500;;;CROISSANTS;SEASHELLS;4273.0;8
77500;;;JAMS;SEASHELLS;6521.0;8
77600;;;DJEMBES;SEASHELLS;13381.0;2
77900;;;CROISSANTS;SEASHELLS;4275.0;7
78100;;;KELP;SEASHELLS;2035.0;1
78100;;;SQUID_INK;SEASHELLS;1821.0;1
78200;;;KELP;SEASHELLS;2037.0;1
78200;;;RAINFOREST_RESIN;SEASHELLS;10002.0;1
78200;;;SQUID_INK;SEASHELLS;1821.0;1
78300;;;DJEMBES;SEASHELLS;13376.0;5
78500;;;CROISSANTS;SEASHELLS;4274.0;8
78500;;;RAINFOREST_RESIN;SEASHELLS;10004.0;2
78500;;;RAINFOREST_RESIN;SEASHELLS;10004.0;1
78600;;;JAMS;SEASHELLS;6522.0;7
78700;;;JAMS;SEASHELLS;6520.0;3
78700;;;RAINFOREST_RESIN;SEASHELLS;9996.0;1
78700;;;RAINFOREST_RESIN;SEASHELLS;9996.0;5
78900;;;CROISSANTS;SEASHELLS;4272.0;4
79000;;;DJEMBES;SEASHELLS;13376.0;5
79000;;;PICNIC_BASKET1;SEASHELLS;58604.0;1
79000;;;PICNIC_BASKET2;SEASHELLS;30255.0;1
79100;;;CROISSANTS;SEASHELLS;4273.0;8
79100;;;DJEMBES;SEASHELLS;13376.0;4
79200;;;RAINFOREST_RESIN;SEASHELLS;10002.0;3
79300;;;JAMS;SEASHELLS;6521.0;10
79400;;;KELP;SEASHELLS;2038.0;1
79400;;;PICNIC_BASKET1;SEASHELLS;58612.0;6
79400;;;PICNIC_BASKET2;SEASHELLS;30260.0;6
79400;;;RAINFOREST_RESIN;SEASHELLS;10005.0;1
79400;;;SQUID_INK;SEASHELLS;1823.0;1
79500;;;KELP;SEASHELLS;2035.0;1
79500;;;RAINFOREST_RESIN;SEASHELLS;10004.0;2
79500;;;SQUID_INK;SEASHELLS;1816.0;1
79700;;;DJEMBES;SEASHELLS;13378.0;6
80000;;;DJEMBES;SEASHELLS;13379.0;2
80000;;;SQUID_INK;SEASHELLS;1815.0;1
80100;;;KELP;SEASHELLS;2034.0;1
80100;;;RAINFOREST_RESIN;SEASHELLS;9996.0;1
80100;;;SQUID_INK;SEASHELLS;1811.0;1
80200;;;JAMS;SEASHELLS;6522.0;7
80300;;;SQUID_INK;SEASHELLS;1806.0;6
80500;;;KELP;SEASHELLS;2035.0;1
80500;;;RAINFOREST_RESIN;SEASHELLS;9998.0;1
80500;;;SQUID_INK;SEASHELLS;1805.0;2
80500;;;SQUID_INK;SEASHELLS;1808.0;1
80700;;;PICNIC_BASKET1;SEASHELLS;58632.0;2
80700;;;PICNIC_BASKET2;SEASHELLS;30275.0;9
81200;;;DJEMBES;SEASHELLS;13381.0;2
81200;;;KELP;SEASHELLS;2037.0;1
81200;;;RAINFOREST_RESIN;SEASHELLS;10002.0;2
81200;;;SQUID_INK;SEASHELLS;1807.0;2
81300;;;JAMS;SEASHELLS;6525.0;8
81300;;;KELP;SEASHELLS;2038.0;2
81300;;;RAINFOREST_RESIN;SEASHELLS;10004.0;2
81300;;;RAINFOREST_RESIN;SEASHELLS;10002.0;1
81300;;;SQUID_INK;SEASHELLS;1808.0;2
81500;;;JAMS;SEASHELLS;6524.0;4
81500;;;RAINFOREST_RESIN;SEASHELLS;9998.0;1
81600;;;RAINFOREST_RESIN;SEASHELLS;10002.0;1
81800;;;JAMS;SEASHELLS;6525.0;4
82000;;;RAINFOREST_RESIN;SEASHELLS;10002.0;1
82100;;;RAINFOREST_RESIN;SEASHELLS;9998.0;4
82300;;;PICNIC_BASKET1;SEASHELLS;58626.0;8
82300;;;PICNIC_BASKET2;SEASHELLS;30263.0;8
82300;;;RAINFOREST_RESIN;SEASHELLS;10004.0;2
82300;;;RAINFOREST_RESIN;SEASHELLS;10004.0;7
82400;;;DJEMBES;SEASHELLS;13376.0;1
82500;;;RAINFOREST_RESIN;SEASHELLS;9998.0;3
82600;;;KELP;SEASHELLS;2035.0;14
82600;;;SQUID_INK;SEASHELLS;1803.0;14
83100;;;RAINFOREST_RESIN;SEASHELLS;9998.0;5
83300;;;JAMS;SEASHELLS;6528.0;6
83500;;;CROISSANTS;SEASHELLS;4271.0;8
83600;;;KELP;SEASHELLS;2035.0;2
83600;;;RAINFOREST_RESIN;SEASHELLS;9998.0;1
83600;;;RAINFOREST_RESIN;SEASHELLS;9998.0;1
83600;;;SQUID_INK;SEASHELLS;1803.0;2
83800;;;RAINFOREST_RESIN;SEASHELLS;9995.0;11
83800;;;RAINFOREST_RESIN;SEASHELLS;9998.0;2
84000;;;CROISSANTS;SEASHELLS;4271.0;7
84000;;;KELP;SEASHELLS;2035.0;1
84000;;;SQUID_INK;SEASHELLS;1798.0;1
84300;;;KELP;SEASHELLS;2035.0;1
84300;;;SQUID_INK;SEASHELLS;1797.0;1
84700;;;RAINFOREST_RESIN;SEASHELLS;10002.0;1
84700;;;RAINFOREST_RESIN;SEASHELLS;10002.0;2
85000;;;CROISSANTS;SEASHELLS;4272.0;8
85100;;;RAINFOREST_RESIN;SEASHELLS;9996.0;1
85500;;;JAMS;SEASHELLS;6527.0;8
85500;;;KELP;SEASHELLS;2037.0;1
85500;;;SQUID_INK;SEASHELLS;1808.0;1
85800;;;KELP;SEASHELLS;2035.0;2
85800;;;SQUID_INK;SEASHELLS;1808.0;2
85800;;;SQUID_INK;SEASHELLS;1808.0;2
85900;;;RAINFOREST_RESIN;SEASHELLS;10002.0;1
85900;;;RAINFOREST_RESIN;SEASHELLS;9998.0;8
86000;;;KELP;SEASHELLS;2036.0;1
86000;;;SQUID_INK;SEASHELLS;1815.0;1
86100;;;KELP;SEASHELLS;2035.0;1
86100;;;SQUID_INK;SEASHELLS;1812.0;1
86200;;;KELP;SEASHELLS;2035.0;1
86200;;;SQUID_INK;SEASHELLS;1815.0;1
86500;;;DJEMBES;SEASHELLS;13379.0;3
86600;;;JAMS;SEASHELLS;6522.0;9
86600;;;KELP;SEASHELLS;2035.0;1
86600;;;RAINFOREST_RESIN;SEASHELLS;10002.0;1
86600;;;SQUID_INK;SEASHELLS;1811.0;1
86700;;;JAMS;SEASHELLS;6524.0;7
86700;;;KELP;SEASHELLS;2036.0;1
86700;;;SQUID_INK;SEASHELLS;1812.0;1
86900;;;KELP;SEASHELLS;2037.0;1
86900;;;SQUID_INK;SEASHELLS;1812.0;1
87000;;;CROISSANTS;SEASHELLS;4274.0;5
87000;;;KELP;SEASHELLS;2034.0;1
87000;;;RAINFOREST_RESIN;SEASHELLS;9996.0;1
87000;;;SQUID_INK;SEASHELLS;1809.0;1
87300;;;RAINFOREST_RESIN;SEASHELLS;9996.0;2
87300;;;RAINFOREST_RESIN;SEASHELLS;9996.0;5
87400;;;KELP;SEASHELLS;2034.0;1
87400;;;SQUID_INK;SEASHELLS;1808.0;1
87600;;;SQUID_INK;SEASHELLS;1809.0;1
87700;;;DJEMBES;SEASHELLS;13372.0;2
87800;;;RAINFOREST_RESIN;SEASHELLS;9998.0;1
88000;;;RAINFOREST_RESIN;SEASHELLS;10002.0;1
88200;;;DJEMBES;SEASHELLS;13370.0;9
88200;;;KELP;SEASHELLS;2037.0;1
88200;;;RAINFOREST_RESIN;SEASHELLS;9998.0;1
88200;;;RAINFOREST_RESIN;SEASHELLS;9998.0;2
88200;;;SQUID_INK;SEASHELLS;1808.0;1
88400;;;KELP;SEASHELLS;2036.0;1
88400;;;SQUID_INK;SEASHELLS;1809.0;1
88500;;;KELP;SEASHELLS;2038.0;1
88500;;;RAINFOREST_RESIN;SEASHELLS;10005.0;1
88500;;;SQUID_INK;SEASHELLS;1809.0;1
88900;;;JAMS;SEASHELLS;6522.0;9
89100;;;JAMS;SEASHELLS;6524.0;8
89100;;;KELP;SEASHELLS;2035.0;1
89100;;;SQUID_INK;SEASHELLS;1807.0;1
89300;;;PICNIC_BASKET1;SEASHELLS;58610.0;8
89300;;;PICNIC_BASKET2;SEASHELLS;30276.0;8
89400;;;JAMS;SEASHELLS;6525.0;10
89600;;;KELP;SEASHELLS;2034.0;1
89600;;;KELP;SEASHELLS;2034.0;10
89600;;;SQUID_INK;SEASHELLS;1805.0;10
89700;;;JAMS;SEASHELLS;6526.0;5
89800;;;KELP;SEASHELLS;2037.0;1
89800;;;SQUID_INK;SEASHELLS;1806.0;1
89900;;;KELP;SEASHELLS;2038.0;1
89900;;;RAINFOREST_RESIN;SEASHELLS;10004.0;1
89900;;;SQUID_INK;SEASHELLS;1809.0;1
90100;;;RAINFOREST_RESIN;SEASHELLS;9998.0;1
90200;;;CROISSANTS;SEASHELLS;4272.0;7
90200;;;KELP;SEASHELLS;2036.0;1
90200;;;RAINFOREST_RESIN;SEASHELLS;10004.0;1
90200;;;SQUID_INK;SEASHELLS;1805.0;1
90300;;;KELP;SEASHELLS;2038.0;2
90300;;;RAINFOREST_RESIN;SEASHELLS;10005.0;2
90300;;;SQUID_INK;SEASHELLS;1808.0;2
90400;;;KELP;SEASHELLS;2034.0;8
90400;;;SQUID_INK;SEASHELLS;1806.0;8
90500;;;KELP;SEASHELLS;2037.0;1
90500;;;RAINFOREST_RESIN;SEASHELLS;10004.0;1
90500;;;SQUID_INK;SEASHELLS;1810.0;1
90700;;;KELP;SEASHELLS;2038.0;1
90700;;;RAINFOREST_RESIN;SEASHELLS;10005.0;1
90700;;;SQUID_INK;SEASHELLS;1809.0;1
91000;;;RAINFOREST_RESIN;SEASHELLS;10002.0;1
91100;;;DJEMBES;SEASHELLS;13369.0;3
91300;;;CROISSANTS;SEASHELLS;4272.0;8
91500;;;CROISSANTS;SEASHELLS;4271.0;9
91600;;;DJEMBES;SEASHELLS;13369.0;2
91600;;;KELP;SEASHELLS;2036.0;1
91600;;;SQUID_INK;SEASHELLS;1801.0;1
91800;;;KELP;SEASHELLS;2034.0;1
91800;;;SQUID_INK;SEASHELLS;1806.0;1
91900;;;KELP;SEASHELLS;2036.0;2
91900;;;SQUID_INK;SEASHELLS;1809.0;2
92000;;;JAMS;SEASHELLS;6520.0;10
92100;;;PICNIC_BASKET1;SEASHELLS;58602.0;2
92100;;;PICNIC_BASKET1;SEASHELLS;58601.0;1
92100;;;PICNIC_BASKET2;SEASHELLS;30267.0;2
92100;;;PICNIC_BASKET2;SEASHELLS;30266.0;1
92200;;;RAINFOREST_RESIN;SEASHELLS;10002.0;3
92300;;;KELP;SEASHELLS;2034.0;1
92300;;;KELP;SEASHELLS;2037.0;1
92300;;;RAINFOREST_RESIN;SEASHELLS;10004.0;1
92300;;;SQUID_INK;SEASHELLS;1807.0;1
92300;;;SQUID_INK;SEASHELLS;1810.0;1
92400;;;KELP;SEASHELLS;2037.0;2
92400;;;RAINFOREST_RESIN;SEASHELLS;10002.0;2
92400;;;SQUID_INK;SEASHELLS;1811.0;2
92500;;;DJEMBES;SEASHELLS;13369.0;1
92500;;;PICNIC_BASKET1;SEASHELLS;58609.0;2
92500;;;PICNIC_BASKET2;SEASHELLS;30271.0;7
92600;;;KELP;SEASHELLS;2034.0;1
92600;;;SQUID_INK;SEASHELLS;1810.0;1
92800;;;PICNIC_BASKET1;SEASHELLS;58613.0;1
92800;;;PICNIC_BASKET1;SEASHELLS;58613.0;3
92800;;;PICNIC_BASKET2;SEASHELLS;30275.0;4
93100;;;RAINFOREST_RESIN;SEASHELLS;10002.0;1
93600;;;KELP;SEASHELLS;2038.0;1
93600;;;RAINFOREST_RESIN;SEASHELLS;9998.0;1
93600;;;SQUID_INK;SEASHELLS;1818.0;1
93700;;;JAMS;SEASHELLS;6522.0;9
93800;;;JAMS;SEASHELLS;6523.0;8
94000;;;CROISSANTS;SEASHELLS;4274.0;6
94500;;;KELP;SEASHELLS;2038.0;15
94500;;;SQUID_INK;SEASHELLS;1815.0;15
94600;;;CROISSANTS;SEASHELLS;4273.0;8
94700;;;KELP;SEASHELLS;2036.0;1
94800;;;KELP;SEASHELLS;2034.0;2
94800;;;RAINFOREST_RESIN;SEASHELLS;9996.0;1
94800;;;RAINFOREST_RESIN;SEASHELLS;9996.0;1
94800;;;SQUID_INK;SEASHELLS;1815.0;2
94900;;;JAMS;SEASHELLS;6521.0;12
95100;;;JAMS;SEASHELLS;6521.0;7
95100;;;KELP;SEASHELLS;2036.0;1
95100;;;SQUID_INK;SEASHELLS;1816.0;1
95300;;;KELP;SEASHELLS;2036.0;1
95300;;;SQUID_INK;SEASHELLS;1817.0;1
95400;;;DJEMBES;SEASHELLS;13361.0;3
95500;;;CROISSANTS;SEASHELLS;4273.0;7
95600;;;RAINFOREST_RESIN;SEASHELLS;9998.0;1
95700;;;RAINFOREST_RESIN;SEASHELLS;10002.0;7
95800;;;KELP;SEASHELLS;2034.0;1
95800;;;RAINFOREST_RESIN;SEASHELLS;9998.0;1
95800;;;SQUID_INK;SEASHELLS;1813.0;1
95900;;;DJEMBES;SEASHELLS;13362.0;4
95900;;;KELP;SEASHELLS;2036.0;1
96000;;;KELP;SEASHELLS;2036.0;1
96100;;;CROISSANTS;SEASHELLS;4271.0;7
96100;;;KELP;SEASHELLS;2034.0;1
96100;;;KELP;SEASHELLS;2037.0;2
96100;;;RAINFOREST_RESIN;SEASHELLS;10002.0;2
96100;;;SQUID_INK;SEASHELLS;1814.0;1
96100;;;SQUID_INK;SEASHELLS;1817.0;2
96200;;;JAMS;SEASHELLS;6520.0;5
96400;;;CROISSANTS;SEASHELLS;4272.0;5
96400;;;KELP;SEASHELLS;2034.0;7
96400;;;KELP;SEASHELLS;2034.0;3
96400;;;SQUID_INK;SEASHELLS;1816.0;7
96600;;;KELP;SEASHELLS;2034.0;1
96600;;;KELP;SEASHELLS;2036.0;1
96600;;;SQUID_INK;SEASHELLS;1814.0;1
96600;;;SQUID_INK;SEASHELLS;1815.0;1
97100;;;JAMS;SEASHELLS;6517.0;7
97100;;;JAMS;SEASHELLS;6518.0;9
97200;;;KELP;SEASHELLS;2035.0;5
97200;;;SQUID_INK;SEASHELLS;1813.0;5
97600;;;JAMS;SEASHELLS;6519.0;6
97600;;;SQUID_INK;SEASHELLS;1816.0;2
97800;;;PICNIC_BASKET1;SEASHELLS;58588.0;2
97800;;;PICNIC_BASKET2;SEASHELLS;30250.0;2
97900;;;RAINFOREST_RESIN;SEASHELLS;10002.0;3
98000;;;DJEMBES;SEASHELLS;13364.0;3
98000;;;RAINFOREST_RESIN;SEASHELLS;10004.0;2
98000;;;RAINFOREST_RESIN;SEASHELLS;10004.0;3
98100;;;KELP;SEASHELLS;2034.0;1
98100;;;RAINFOREST_RESIN;SEASHELLS;9998.0;1
98100;;;SQUID_INK;SEASHELLS;1814.0;1
98200;;;KELP;SEASHELLS;2034.0;6
98200;;;PICNIC_BASKET1;SEASHELLS;58564.0;10
98200;;;PICNIC_BASKET2;SEASHELLS;30243.0;10
98200;;;SQUID_INK;SEASHELLS;1814.0;6
98500;;;CROISSANTS;SEASHELLS;4270.0;9
98500;;;RAINFOREST_RESIN;SEASHELLS;9998.0;1
98600;;;RAINFOREST_RESIN;SEASHELLS;10005.0;9
98700;;;CROISSANTS;SEASHELLS;4270.0;8
98800;;;CROISSANTS;SEASHELLS;4270.0;7
98900;;;JAMS;SEASHELLS;6521.0;7
98900;;;RAINFOREST_RESIN;SEASHELLS;10004.0;1
98900;;;RAINFOREST_RESIN;SEASHELLS;10005.0;2
99200;;;JAMS;SEASHELLS;6521.0;6
99200;;;KELP;SEASHELLS;2034.0;2
99200;;;RAINFOREST_RESIN;SEASHELLS;9995.0;2
99200;;;SQUID_INK;SEASHELLS;1811.0;2
99300;;;KELP;SEASHELLS;2037.0;1
99300;;;RAINFOREST_RESIN;SEASHELLS;9998.0;1
99400;;;CROISSANTS;SEASHELLS;4270.0;6
99400;;;JAMS;SEASHELLS;6518.0;9
99500;;;DJEMBES;SEASHELLS;13366.0;4
99500;;;RAINFOREST_RESIN;SEASHELLS;9998.0;3
99600;;;DJEMBES;SEASHELLS;13366.0;7
99600;;;KELP;SEASHELLS;2038.0;12
99600;;;SQUID_INK;SEASHELLS;1818.0;12
99700;;;KELP;SEASHELLS;2034.0;2
99700;;;RAINFOREST_RESIN;SEASHELLS;9995.0;2
99700;;;SQUID_INK;SEASHELLS;1813.0;2
99900;;;KELP;SEASHELLS;2035.0;1
99900;;;SQUID_INK;SEASHELLS;1816.0;1
100300;;;CROISSANTS;SEASHELLS;4269.0;5
100300;;;KELP;SEASHELLS;2035.0;1
100300;;;SQUID_INK;SEASHELLS;1817.0;1
100400;;;DJEMBES;SEASHELLS;13370.0;5
100400;;;RAINFOREST_RESIN;SEASHELLS;10002.0;1
100600;;;KELP;SEASHELLS;2038.0;14
100600;;;RAINFOREST_RESIN;SEASHELLS;10002.0;1
100600;;;SQUID_INK;SEASHELLS;1823.0;14
100700;;;RAINFOREST_RESIN;SEASHELLS;9998.0;1
100700;;;RAINFOREST_RESIN;SEASHELLS;9998.0;6
100700;;;RAINFOREST_RESIN;SEASHELLS;9998.0;1
100900;;;KELP;SEASHELLS;2037.0;10
101400;;;DJEMBES;SEASHELLS;13376.0;4
101400;;;KELP;SEASHELLS;2037.0;1
101400;;;PICNIC_BASKET1;SEASHELLS;58561.0;2
101400;;;PICNIC_BASKET2;SEASHELLS;30217.0;7
101500;;;DJEMBES;SEASHELLS;13375.0;3
101500;;;KELP;SEASHELLS;2037.0;5
101500;;;KELP;SEASHELLS;2037.0;1
101500;;;PICNIC_BASKET1;SEASHELLS;58569.0;1
101500;;;PICNIC_BASKET2;SEASHELLS;30217.0;8
101600;;;PICNIC_BASKET1;SEASHELLS;58575.0;8
101600;;;PICNIC_BASKET2;SEASHELLS;30214.0;8
101700;;;CROISSANTS;SEASHELLS;4267.0;6
101700;;;DJEMBES;SEASHELLS;13374.0;3
101900;;;DJEMBES;SEASHELLS;13374.0;2
101900;;;JAMS;SEASHELLS;6516.0;4
101900;;;KELP;SEASHELLS;2037.0;1
101900;;;KELP;SEASHELLS;2036.0;4
101900;;;SQUID_INK;SEASHELLS;1822.0;1
101900;;;SQUID_INK;SEASHELLS;1821.0;4
102000;;;DJEMBES;SEASHELLS;13373.0;5
102100;;;CROISSANTS;SEASHELLS;4268.0;8
102100;;;PICNIC_BASKET1;SEASHELLS;58567.0;7
102100;;;PICNIC_BASKET2;SEASHELLS;30202.0;7
102200;;;CROISSANTS;SEASHELLS;4268.0;8
102300;;;CROISSANTS;SEASHELLS;4267.0;6
102400;;;DJEMBES;SEASHELLS;13371.0;4
102500;;;KELP;SEASHELLS;2037.0;1
102500;;;KELP;SEASHELLS;2037.0;1
102500;;;RAINFOREST_RESIN;SEASHELLS;9998.0;1
102500;;;SQUID_INK;SEASHELLS;1823.0;1
102500;;;SQUID_INK;SEASHELLS;1823.0;1
102600;;;KELP;SEASHELLS;2037.0;3
102700;;;RAINFOREST_RESIN;SEASHELLS;9998.0;1
102900;;;RAINFOREST_RESIN;SEASHELLS;9995.0;6
103100;;;DJEMBES;SEASHELLS;13375.0;8
103200;;;JAMS;SEASHELLS;6513.0;7
103400;;;KELP;SEASHELLS;2035.0;1
103400;;;KELP;SEASHELLS;2035.0;4
103400;;;KELP;SEASHELLS;2035.0;1
103400;;;SQUID_INK;SEASHELLS;1819.0;1
103600;;;RAINFOREST_RESIN;SEASHELLS;10002.0;2
103700;;;RAINFOREST_RESIN;SEASHELLS;10004.0;1
104000;;;DJEMBES;SEASHELLS;13374.0;2
104000;;;PICNIC_BASKET1;SEASHELLS;58571.0;2
104000;;;PICNIC_BASKET2;SEASHELLS;30225.0;2
104100;;;CROISSANTS;SEASHELLS;4268.0;5
104300;;;PICNIC_BASKET1;SEASHELLS;58570.0;8
104300;;;PICNIC_BASKET2;SEASHELLS;30219.0;8
104400;;;KELP;SEASHELLS;2038.0;2
104400;;;RAINFOREST_RESIN;SEASHELLS;10005.0;2
104400;;;RAINFOREST_RESIN;SEASHELLS;10002.0;1
104400;;;SQUID_INK;SEASHELLS;1820.0;2
104500;;;JAMS;SEASHELLS;6512.0;7
104500;;;KELP;SEASHELLS;2035.0;2
104500;;;RAINFOREST_RESIN;SEASHELLS;9996.0;2
104500;;;SQUID_INK;SEASHELLS;1817.0;2
104600;;;DJEMBES;SEASHELLS;13378.0;11
104600;;;RAINFOREST_RESIN;SEASHELLS;9996.0;2
104600;;;RAINFOREST_RESIN;SEASHELLS;9996.0;6
104800;;;CROISSANTS;SEASHELLS;4267.0;8
104800;;;KELP;SEASHELLS;2037.0;1
104800;;;SQUID_INK;SEASHELLS;1820.0;1
104900;;;KELP;SEASHELLS;2037.0;1
104900;;;SQUID_INK;SEASHELLS;1821.0;1
105200;;;RAINFOREST_RESIN;SEASHELLS;10002.0;1
105300;;;RAINFOREST_RESIN;SEASHELLS;9998.0;1
105600;;;JAMS;SEASHELLS;6510.0;8
105800;;;KELP;SEASHELLS;2034.0;2
105800;;;RAINFOREST_RESIN;SEASHELLS;9995.0;2
105800;;;SQUID_INK;SEASHELLS;1819.0;2
105900;;;KELP;SEASHELLS;2037.0;1
105900;;;SQUID_INK;SEASHELLS;1820.0;1
106300;;;KELP;SEASHELLS;2035.0;4
106300;;;RAINFOREST_RESIN;SEASHELLS;10002.0;5
106300;;;SQUID_INK;SEASHELLS;1815.0;1
106300;;;SQUID_INK;SEASHELLS;1815.0;3
106400;;;JAMS;SEASHELLS;6510.0;8
106400;;;KELP;SEASHELLS;2035.0;3
106400;;;KELP;SEASHELLS;2035.0;2
106400;;;SQUID_INK;SEASHELLS;1816.0;3
106500;;;KELP;SEASHELLS;2037.0;1
106500;;;SQUID_INK;SEASHELLS;1817.0;1
106600;;;CROISSANTS;SEASHELLS;4264.0;8
106800;;;JAMS;SEASHELLS;6510.0;6
106800;;;RAINFOREST_RESIN;SEASHELLS;10002.0;1
107200;;;CROISSANTS;SEASHELLS;4266.0;9
107200;;;JAMS;SEASHELLS;6511.0;7
107300;;;DJEMBES;SEASHELLS;13371.0;3
107300;;;PICNIC_BASKET1;SEASHELLS;58555.0;2
107300;;;PICNIC_BASKET2;SEASHELLS;30207.0;9
107300;;;SQUID_INK;SEASHELLS;1816.0;2
107500;;;DJEMBES;SEASHELLS;13372.0;5
107500;;;RAINFOREST_RESIN;SEASHELLS;10002.0;3
108000;;;JAMS;SEASHELLS;6510.0;10
108100;;;CROISSANTS;SEASHELLS;4268.0;6
108400;;;JAMS;SEASHELLS;6511.0;8
108400;;;RAINFOREST_RESIN;SEASHELLS;9998.0;5
108500;;;DJEMBES;SEASHELLS;13366.0;3
108600;;;CROISSANTS;SEASHELLS;4266.0;6
108600;;;RAINFOREST_RESIN;SEASHELLS;9998.0;4
108700;;;JAMS;SEASHELLS;6511.0;7
108900;;;RAINFOREST_RESIN;SEASHELLS;9998.0;1
109000;;;KELP;SEASHELLS;2034.0;13
109000;;;RAINFOREST_RESIN;SEASHELLS;9998.0;1
109000;;;SQUID_INK;SEASHELLS;1820.0;13
109300;;;CROISSANTS;SEASHELLS;4267.0;7
109400;;;RAINFOREST_RESIN;SEASHELLS;10002.0;7
109500;;;DJEMBES;SEASHELLS;13366.0;2
109500;;;JAMS;SEASHELLS;6511.0;6
109500;;;RAINFOREST_RESIN;SEASHELLS;9995.0;10
109500;;;SQUID_INK;SEASHELLS;1820.0;1
109700;;;JAMS;SEASHELLS;6513.0;4
109900;;;DJEMBES;SEASHELLS;13365.0;4
110000;;;PICNIC_BASKET1;SEASHELLS;58562.0;1
110000;;;PICNIC_BASKET1;SEASHELLS;58562.0;6
110400;;;DJEMBES;SEASHELLS;13364.0;3
110600;;;RAINFOREST_RESIN;SEASHELLS;10002.0;1
110700;;;RAINFOREST_RESIN;SEASHELLS;10002.0;1
110900;;;KELP;SEASHELLS;2037.0;1
110900;;;KELP;SEASHELLS;2037.0;1
110900;;;KELP;SEASHELLS;2036.0;1
110900;;;RAINFOREST_RESIN;SEASHELLS;10004.0;1
110900;;;RAINFOREST_RESIN;SEASHELLS;10004.0;1
110900;;;SQUID_INK;SEASHELLS;1831.0;2
110900;;;SQUID_INK;SEASHELLS;1830.0;1
111100;;;KELP;SEASHELLS;2037.0;2
111100;;;RAINFOREST_RESIN;SEASHELLS;10004.0;1
111100;;;RAINFOREST_RESIN;SEASHELLS;10004.0;1
111100;;;SQUID_INK;SEASHELLS;1831.0;2
111200;;;RAINFOREST_RESIN;SEASHELLS;10002.0;6
111400;;;CROISSANTS;SEASHELLS;4266.0;5
111400;;;JAMS;SEASHELLS;6517.0;8
111500;;;DJEMBES;SEASHELLS;13363.0;2
111500;;;KELP;SEASHELLS;2034.0;1
111500;;;SQUID_INK;SEASHELLS;1828.0;1
111600;;;KELP;SEASHELLS;2034.0;1
111900;;;RAINFOREST_RESIN;SEASHELLS;10002.0;3
112000;;;CROISSANTS;SEASHELLS;4267.0;7
112000;;;KELP;SEASHELLS;2037.0;1
112000;;;RAINFOREST_RESIN;SEASHELLS;10004.0;1
112000;;;SQUID_INK;SEASHELLS;1834.0;1
112200;;;DJEMBES;SEASHELLS;13359.0;2
112400;;;RAINFOREST_RESIN;SEASHELLS;9995.0;6
112500;;;JAMS;SEASHELLS;6515.0;10
112900;;;DJEMBES;SEASHELLS;13357.0;2
113000;;;KELP;SEASHELLS;2036.0;1
113000;;;SQUID_INK;SEASHELLS;1834.0;1
113100;;;CROISSANTS;SEASHELLS;4266.0;8
113400;;;JAMS;SEASHELLS;6514.0;9
113400;;;KELP;SEASHELLS;2034.0;9
113400;;;SQUID_INK;SEASHELLS;1833.0;9
113500;;;RAINFOREST_RESIN;SEASHELLS;9998.0;1
113700;;;KELP;SEASHELLS;2036.0;1
113700;;;RAINFOREST_RESIN;SEASHELLS;10002.0;1
113700;;;SQUID_INK;SEASHELLS;1836.0;1
113900;;;KELP;SEASHELLS;2036.0;1
113900;;;SQUID_INK;SEASHELLS;1834.0;1
114100;;;RAINFOREST_RESIN;SEASHELLS;10002.0;4
114300;;;RAINFOREST_RESIN;SEASHELLS;10002.0;6
114400;;;DJEMBES;SEASHELLS;13357.0;3
114600;;;PICNIC_BASKET1;SEASHELLS;58513.0;9
114600;;;PICNIC_BASKET2;SEASHELLS;30215.0;9
114700;;;CROISSANTS;SEASHELLS;4266.0;9
114700;;;DJEMBES;SEASHELLS;13357.0;1
114800;;;RAINFOREST_RESIN;SEASHELLS;9998.0;1
114900;;;JAMS;SEASHELLS;6517.0;9
114900;;;PICNIC_BASKET1;SEASHELLS;58503.0;1
114900;;;PICNIC_BASKET2;SEASHELLS;30213.0;1
115000;;;RAINFOREST_RESIN;SEASHELLS;10004.0;1
115100;;;KELP;SEASHELLS;2035.0;1
115100;;;PICNIC_BASKET1;SEASHELLS;58515.0;3
115100;;;PICNIC_BASKET1;SEASHELLS;58510.0;3
115100;;;PICNIC_BASKET2;SEASHELLS;30218.0;3
115100;;;PICNIC_BASKET2;SEASHELLS;30215.0;3
115100;;;SQUID_INK;SEASHELLS;1833.0;1
115300;;;KELP;SEASHELLS;2035.0;11
115300;;;SQUID_INK;SEASHELLS;1835.0;11
115400;;;KELP;SEASHELLS;2037.0;1
115400;;;PICNIC_BASKET1;SEASHELLS;58522.0;1
115400;;;PICNIC_BASKET2;SEASHELLS;30218.0;1
115400;;;SQUID_INK;SEASHELLS;1837.0;1
115500;;;KELP;SEASHELLS;2035.0;1
115500;;;SQUID_INK;SEASHELLS;1835.0;1
115900;;;KELP;SEASHELLS;2036.0;2
115900;;;RAINFOREST_RESIN;SEASHELLS;10000.0;2
115900;;;SQUID_INK;SEASHELLS;1836.0;2
116100;;;KELP;SEASHELLS;2037.0;2
116100;;;SQUID_INK;SEASHELLS;1836.0;2
116600;;;DJEMBES;SEASHELLS;13365.0;3
116800;;;DJEMBES;SEASHELLS;13366.0;4
116800;;;RAINFOREST_RESIN;SEASHELLS;10002.0;1
116900;;;SQUID_INK;SEASHELLS;1835.0;2
117000;;;JAMS;SEASHELLS;6518.0;4
117100;;;KELP;SEASHELLS;2036.0;2
117100;;;RAINFOREST_RESIN;SEASHELLS;9998.0;3
117100;;;RAINFOREST_RESIN;SEASHELLS;9998.0;1
117100;;;SQUID_INK;SEASHELLS;1833.0;2
117400;;;RAINFOREST_RESIN;SEASHELLS;9996.0;1
117400;;;RAINFOREST_RESIN;SEASHELLS;9996.0;7
117500;;;JAMS;SEASHELLS;6519.0;7
117500;;;KELP;SEASHELLS;2035.0;1
117500;;;SQUID_INK;SEASHELLS;1830.0;1
118200;;;KELP;SEASHELLS;2035.0;1
118200;;;KELP;SEASHELLS;2034.0;8
118200;;;SQUID_INK;SEASHELLS;1833.0;1
118200;;;SQUID_INK;SEASHELLS;1833.0;8
118300;;;KELP;SEASHELLS;2034.0;1
118300;;;RAINFOREST_RESIN;SEASHELLS;9995.0;1
118300;;;SQUID_INK;SEASHELLS;1834.0;1
118700;;;RAINFOREST_RESIN;SEASHELLS;10002.0;1
119200;;;CROISSANTS;SEASHELLS;4265.0;5
119200;;;DJEMBES;SEASHELLS;13371.0;5
119400;;;RAINFOREST_RESIN;SEASHELLS;10002.0;1
119600;;;KELP;SEASHELLS;2038.0;2
119600;;;RAINFOREST_RESIN;SEASHELLS;10004.0;1
119600;;;RAINFOREST_RESIN;SEASHELLS;10004.0;1
119600;;;SQUID_INK;SEASHELLS;1828.0;2
120000;;;KELP;SEASHELLS;2034.0;1
120000;;;RAINFOREST_RESIN;SEASHELLS;9998.0;1
120000;;;SQUID_INK;SEASHELLS;1827.0;1
120100;;;JAMS;SEASHELLS;6516.0;9
120300;;;RAINFOREST_RESIN;SEASHELLS;9998.0;1
120500;;;PICNIC_BASKET1;SEASHELLS;58533.0;1
120500;;;PICNIC_BASKET2;SEASHELLS;30200.0;9
120600;;;JAMS;SEASHELLS;6516.0;9
120600;;;KELP;SEASHELLS;2035.0;1
120600;;;SQUID_INK;SEASHELLS;1832.0;1
120700;;;RAINFOREST_RESIN;SEASHELLS;9998.0;1
120800;;;KELP;SEASHELLS;2034.0;1
120800;;;RAINFOREST_RESIN;SEASHELLS;10002.0;5
120800;;;SQUID_INK;SEASHELLS;1835.0;1
120900;;;RAINFOREST_RESIN;SEASHELLS;9998.0;1
121000;;;PICNIC_BASKET1;SEASHELLS;58549.0;6
121000;;;PICNIC_BASKET2;SEASHELLS;30200.0;6
121000;;;RAINFOREST_RESIN;SEASHELLS;9998.0;2
121000;;;RAINFOREST_RESIN;SEASHELLS;9998.0;6
121100;;;CROISSANTS;SEASHELLS;4268.0;5
121300;;;CROISSANTS;SEASHELLS;4268.0;6
121300;;;PICNIC_BASKET1;SEASHELLS;58557.0;2
121300;;;PICNIC_BASKET1;SEASHELLS;58556.0;3
121300;;;PICNIC_BASKET2;SEASHELLS;30202.0;5
121300;;;RAINFOREST_RESIN;SEASHELLS;9998.0;1
121800;;;DJEMBES;SEASHELLS;13378.0;1
121800;;;JAMS;SEASHELLS;6516.0;5
121800;;;KELP;SEASHELLS;2035.0;3
121800;;;SQUID_INK;SEASHELLS;1840.0;3
121900;;;PICNIC_BASKET1;SEASHELLS;58539.0;2
121900;;;PICNIC_BASKET2;SEASHELLS;30195.0;2
122200;;;RAINFOREST_RESIN;SEASHELLS;9998.0;1
122300;;;CROISSANTS;SEASHELLS;4266.0;10
122600;;;KELP;SEASHELLS;2035.0;1
122600;;;SQUID_INK;SEASHELLS;1834.0;1
122800;;;JAMS;SEASHELLS;6514.0;5
123000;;;CROISSANTS;SEASHELLS;4266.0;6
123100;;;JAMS;SEASHELLS;6514.0;4
123200;;;KELP;SEASHELLS;2037.0;1
123400;;;DJEMBES;SEASHELLS;13380.0;1
123500;;;KELP;SEASHELLS;2035.0;1
123500;;;RAINFOREST_RESIN;SEASHELLS;10002.0;5
123500;;;SQUID_INK;SEASHELLS;1834.0;1
123600;;;KELP;SEASHELLS;2036.0;15
123600;;;KELP;SEASHELLS;2036.0;2
123600;;;RAINFOREST_RESIN;SEASHELLS;9995.0;2
123600;;;SQUID_INK;SEASHELLS;1834.0;15
123600;;;SQUID_INK;SEASHELLS;1834.0;2
123700;;;KELP;SEASHELLS;2038.0;1
123700;;;RAINFOREST_RESIN;SEASHELLS;10002.0;1
123700;;;SQUID_INK;SEASHELLS;1837.0;1
124000;;;RAINFOREST_RESIN;SEASHELLS;10002.0;1
124300;;;KELP;SEASHELLS;2036.0;1
124300;;;RAINFOREST_RESIN;SEASHELLS;9998.0;1
124300;;;SQUID_INK;SEASHELLS;1836.0;1
124400;;;PICNIC_BASKET1;SEASHELLS;58556.0;1
124400;;;PICNIC_BASKET1;SEASHELLS;58556.0;7
124400;;;PICNIC_BASKET2;SEASHELLS;30192.0;1
124400;;;PICNIC_BASKET2;SEASHELLS;30191.0;7
124500;;;RAINFOREST_RESIN;SEASHELLS;9998.0;1
124700;;;CROISSANTS;SEASHELLS;4266.0;8
124900;;;RAINFOREST_RESIN;SEASHELLS;10002.0;2
125000;;;CROISSANTS;SEASHELLS;4266.0;8
125400;;;CROISSANTS;SEASHELLS;4266.0;8
125500;;;CROISSANTS;SEASHELLS;4266.0;7
125500;;;KELP;SEASHELLS;2035.0;1
125500;;;SQUID_INK;SEASHELLS;1836.0;1
125900;;;KELP;SEASHELLS;2035.0;2
125900;;;KELP;SEASHELLS;2035.0;1
125900;;;SQUID_INK;SEASHELLS;1835.0;3
126500;;;JAMS;SEASHELLS;6520.0;7
126500;;;SQUID_INK;SEASHELLS;1833.0;1
126800;;;DJEMBES;SEASHELLS;13375.0;4
126800;;;JAMS;SEASHELLS;6522.0;7
126900;;;CROISSANTS;SEASHELLS;4267.0;7
127000;;;KELP;SEASHELLS;2034.0;1
127000;;;SQUID_INK;SEASHELLS;1832.0;1
127200;;;KELP;SEASHELLS;2034.0;1
127200;;;SQUID_INK;SEASHELLS;1832.0;1
127400;;;KELP;SEASHELLS;2034.0;5
127400;;;KELP;SEASHELLS;2034.0;3
127400;;;RAINFOREST_RESIN;SEASHELLS;9998.0;1
127400;;;RAINFOREST_RESIN;SEASHELLS;9998.0;5
127400;;;RAINFOREST_RESIN;SEASHELLS;9998.0;0
127400;;;RAINFOREST_RESIN;SEASHELLS;9998.0;1
127400;;;SQUID_INK;SEASHELLS;1831.0;5
127400;;;SQUID_INK;SEASHELLS;1831.0;3
127600;;;KELP;SEASHELLS;2034.0;1
127600;;;RAINFOREST_RESIN;SEASHELLS;10002.0;1
127600;;;SQUID_INK;SEASHELLS;1827.0;1
128000;;;RAINFOREST_RESIN;SEASHELLS;10002.0;4
128300;;;CROISSANTS;SEASHELLS;4268.0;8
128400;;;DJEMBES;SEASHELLS;13375.0;3
128400;;;KELP;SEASHELLS;2036.0;1
128400;;;SQUID_INK;SEASHELLS;1831.0;1
128800;;;KELP;SEASHELLS;2034.0;1
128800;;;SQUID_INK;SEASHELLS;1829.0;1
128900;;;KELP;SEASHELLS;2034.0;14
128900;;;SQUID_INK;SEASHELLS;1829.0;14
129000;;;KELP;SEASHELLS;2034.0;1
129000;;;SQUID_INK;SEASHELLS;1830.0;1
129100;;;JAMS;SEASHELLS;6526.0;11
129200;;;KELP;SEASHELLS;2036.0;1
129200;;;SQUID_INK;SEASHELLS;1832.0;1
129400;;;CROISSANTS;SEASHELLS;4269.0;7
129400;;;DJEMBES;SEASHELLS;13366.0;8
129400;;;JAMS;SEASHELLS;6525.0;4
129500;;;CROISSANTS;SEASHELLS;4268.0;6
129600;;;RAINFOREST_RESIN;SEASHELLS;10002.0;1
129700;;;KELP;SEASHELLS;2035.0;2
129700;;;KELP;SEASHELLS;2035.0;1
129700;;;RAINFOREST_RESIN;SEASHELLS;10005.0;2
129700;;;SQUID_INK;SEASHELLS;1828.0;3
129700;;;SQUID_INK;SEASHELLS;1831.0;2
129900;;;KELP;SEASHELLS;2034.0;1
129900;;;SQUID_INK;SEASHELLS;1829.0;1
130000;;;CROISSANTS;SEASHELLS;4270.0;5
130000;;;KELP;SEASHELLS;2034.0;10
130000;;;RAINFOREST_RESIN;SEASHELLS;9998.0;1
130000;;;SQUID_INK;SEASHELLS;1829.0;10
130200;;;DJEMBES;SEASHELLS;13364.0;5
130300;;;JAMS;SEASHELLS;6524.0;5
130300;;;KELP;SEASHELLS;2037.0;1
130300;;;RAINFOREST_RESIN;SEASHELLS;9998.0;1
130300;;;SQUID_INK;SEASHELLS;1827.0;1
130500;;;RAINFOREST_RESIN;SEASHELLS;9998.0;1
130600;;;RAINFOREST_RESIN;SEASHELLS;10002.0;1
130700;;;CROISSANTS;SEASHELLS;4269.0;4
131000;;;CROISSANTS;SEASHELLS;4269.0;7
131000;;;KELP;SEASHELLS;2034.0;9
131000;;;KELP;SEASHELLS;2037.0;10
131000;;;SQUID_INK;SEASHELLS;1824.0;9
131000;;;SQUID_INK;SEASHELLS;1827.0;10
131100;;;DJEMBES;SEASHELLS;13364.0;3
131100;;;KELP;SEASHELLS;2034.0;1
131400;;;DJEMBES;SEASHELLS;13364.0;2
131700;;;JAMS;SEASHELLS;6526.0;9
131800;;;KELP;SEASHELLS;2036.0;1
131800;;;RAINFOREST_RESIN;SEASHELLS;9996.0;1
131800;;;SQUID_INK;SEASHELLS;1823.0;1
132100;;;KELP;SEASHELLS;2036.0;1
132100;;;RAINFOREST_RESIN;SEASHELLS;10002.0;1
132100;;;SQUID_INK;SEASHELLS;1822.0;1
132200;;;KELP;SEASHELLS;2034.0;1
132200;;;RAINFOREST_RESIN;SEASHELLS;10004.0;2
132200;;;RAINFOREST_RESIN;SEASHELLS;10004.0;6
132200;;;SQUID_INK;SEASHELLS;1822.0;1
132300;;;CROISSANTS;SEASHELLS;4270.0;7
132500;;;KELP;SEASHELLS;2034.0;1
132500;;;RAINFOREST_RESIN;SEASHELLS;10002.0;1
132500;;;SQUID_INK;SEASHELLS;1822.0;1
132600;;;DJEMBES;SEASHELLS;13367.0;2
132600;;;RAINFOREST_RESIN;SEASHELLS;9998.0;1
132900;;;SQUID_INK;SEASHELLS;1827.0;2
133400;;;CROISSANTS;SEASHELLS;4271.0;8
133400;;;KELP;SEASHELLS;2036.0;1
133400;;;KELP;SEASHELLS;2035.0;4
133400;;;SQUID_INK;SEASHELLS;1830.0;1
133400;;;SQUID_INK;SEASHELLS;1829.0;4
133500;;;KELP;SEASHELLS;2034.0;9
133500;;;SQUID_INK;SEASHELLS;1828.0;9
133600;;;JAMS;SEASHELLS;6522.0;4
133700;;;DJEMBES;SEASHELLS;13363.0;4
133700;;;JAMS;SEASHELLS;6522.0;9
133800;;;KELP;SEASHELLS;2034.0;1
133800;;;SQUID_INK;SEASHELLS;1827.0;1
134000;;;KELP;SEASHELLS;2034.0;4
134000;;;KELP;SEASHELLS;2034.0;1
134000;;;RAINFOREST_RESIN;SEASHELLS;9996.0;2
134000;;;RAINFOREST_RESIN;SEASHELLS;9996.0;3
134000;;;SQUID_INK;SEASHELLS;1828.0;4
134000;;;SQUID_INK;SEASHELLS;1828.0;1
134100;;;JAMS;SEASHELLS;6521.0;10
134200;;;CROISSANTS;SEASHELLS;4273.0;5
134200;;;KELP;SEASHELLS;2037.0;1
134200;;;RAINFOREST_RESIN;SEASHELLS;9998.0;1
134200;;;SQUID_INK;SEASHELLS;1833.0;1
134300;;;JAMS;SEASHELLS;6520.0;4
134400;;;JAMS;SEASHELLS;6519.0;8
134400;;;KELP;SEASHELLS;2037.0;2
134400;;;KELP;SEASHELLS;2036.0;1
134400;;;RAINFOREST_RESIN;SEASHELLS;10004.0;1
134400;;;RAINFOREST_RESIN;SEASHELLS;10004.0;1
134400;;;SQUID_INK;SEASHELLS;1832.0;2
134400;;;SQUID_INK;SEASHELLS;1831.0;1
134500;;;JAMS;SEASHELLS;6519.0;11
135200;;;JAMS;SEASHELLS;6520.0;10
135200;;;KELP;SEASHELLS;2037.0;1
135200;;;RAINFOREST_RESIN;SEASHELLS;10002.0;1
135200;;;SQUID_INK;SEASHELLS;1829.0;1
135400;;;JAMS;SEASHELLS;6519.0;5
135500;;;KELP;SEASHELLS;2037.0;14
135500;;;SQUID_INK;SEASHELLS;1828.0;14
135700;;;RAINFOREST_RESIN;SEASHELLS;9995.0;2
135800;;;DJEMBES;SEASHELLS;13367.0;5
135800;;;KELP;SEASHELLS;2034.0;3
135800;;;SQUID_INK;SEASHELLS;1823.0;3
136000;;;KELP;SEASHELLS;2037.0;12
136000;;;SQUID_INK;SEASHELLS;1825.0;12
136200;;;DJEMBES;SEASHELLS;13365.0;5
136200;;;JAMS;SEASHELLS;6519.0;6
136600;;;CROISSANTS;SEASHELLS;4274.0;7
136600;;;KELP;SEASHELLS;2034.0;1
136600;;;SQUID_INK;SEASHELLS;1818.0;1
136900;;;DJEMBES;SEASHELLS;13371.0;2
136900;;;KELP;SEASHELLS;2034.0;1
136900;;;KELP;SEASHELLS;2037.0;2
136900;;;RAINFOREST_RESIN;SEASHELLS;10002.0;2
136900;;;SQUID_INK;SEASHELLS;1819.0;1
136900;;;SQUID_INK;SEASHELLS;1822.0;2
137000;;;CROISSANTS;SEASHELLS;4273.0;5
137200;;;KELP;SEASHELLS;2034.0;1
137200;;;RAINFOREST_RESIN;SEASHELLS;10002.0;1
137200;;;SQUID_INK;SEASHELLS;1818.0;1
137400;;;JAMS;SEASHELLS;6518.0;6
137500;;;KELP;SEASHELLS;2037.0;2
137500;;;RAINFOREST_RESIN;SEASHELLS;10002.0;2
137500;;;SQUID_INK;SEASHELLS;1825.0;2
137600;;;DJEMBES;SEASHELLS;13370.0;5
137800;;;RAINFOREST_RESIN;SEASHELLS;10002.0;1
137800;;;RAINFOREST_RESIN;SEASHELLS;10002.0;4
138000;;;RAINFOREST_RESIN;SEASHELLS;9998.0;1
138200;;;KELP;SEASHELLS;2034.0;2
138200;;;RAINFOREST_RESIN;SEASHELLS;10004.0;2
138200;;;RAINFOREST_RESIN;SEASHELLS;10004.0;2
138200;;;RAINFOREST_RESIN;SEASHELLS;10004.0;6
138200;;;SQUID_INK;SEASHELLS;1823.0;2
138300;;;KELP;SEASHELLS;2034.0;2
138300;;;RAINFOREST_RESIN;SEASHELLS;9995.0;2
138300;;;SQUID_INK;SEASHELLS;1824.0;2
138600;;;JAMS;SEASHELLS;6518.0;6
138600;;;SQUID_INK;SEASHELLS;1823.0;3
139000;;;CROISSANTS;SEASHELLS;4274.0;8
139200;;;KELP;SEASHELLS;2036.0;1
139200;;;RAINFOREST_RESIN;SEASHELLS;10002.0;1
139200;;;SQUID_INK;SEASHELLS;1821.0;1
139400;;;DJEMBES;SEASHELLS;13357.0;5
139400;;;RAINFOREST_RESIN;SEASHELLS;10004.0;1
139500;;;KELP;SEASHELLS;2034.0;1
139500;;;SQUID_INK;SEASHELLS;1818.0;1
139800;;;RAINFOREST_RESIN;SEASHELLS;9998.0;1
139900;;;PICNIC_BASKET1;SEASHELLS;58537.0;2
139900;;;PICNIC_BASKET2;SEASHELLS;30259.0;2
140300;;;KELP;SEASHELLS;2038.0;9
140300;;;SQUID_INK;SEASHELLS;1823.0;9
140500;;;KELP;SEASHELLS;2034.0;7
140500;;;SQUID_INK;SEASHELLS;1823.0;7
140700;;;CROISSANTS;SEASHELLS;4273.0;4
140700;;;JAMS;SEASHELLS;6524.0;8
140800;;;KELP;SEASHELLS;2034.0;1
140800;;;SQUID_INK;SEASHELLS;1824.0;1
141200;;;CROISSANTS;SEASHELLS;4273.0;8
141300;;;KELP;SEASHELLS;2038.0;1
141300;;;RAINFOREST_RESIN;SEASHELLS;10004.0;1
141300;;;SQUID_INK;SEASHELLS;1824.0;1
141500;;;DJEMBES;SEASHELLS;13355.0;3
141800;;;DJEMBES;SEASHELLS;13358.0;5
141800;;;RAINFOREST_RESIN;SEASHELLS;9998.0;1
141900;;;RAINFOREST_RESIN;SEASHELLS;10002.0;10
142400;;;KELP;SEASHELLS;2035.0;1
142400;;;SQUID_INK;SEASHELLS;1819.0;1
142600;;;KELP;SEASHELLS;2035.0;1
142600;;;SQUID_INK;SEASHELLS;1821.0;1
142800;;;DJEMBES;SEASHELLS;13356.0;3
142800;;;KELP;SEASHELLS;2037.0;1
142800;;;RAINFOREST_RESIN;SEASHELLS;9998.0;5
142800;;;SQUID_INK;SEASHELLS;1819.0;1
142900;;;DJEMBES;SEASHELLS;13355.0;5
142900;;;JAMS;SEASHELLS;6523.0;4
143000;;;CROISSANTS;SEASHELLS;4274.0;6
143200;;;KELP;SEASHELLS;2038.0;2
143200;;;RAINFOREST_RESIN;SEASHELLS;10005.0;2
143200;;;SQUID_INK;SEASHELLS;1823.0;2
143300;;;KELP;SEASHELLS;2034.0;11
143300;;;RAINFOREST_RESIN;SEASHELLS;10005.0;12
143300;;;SQUID_INK;SEASHELLS;1821.0;11
143500;;;RAINFOREST_RESIN;SEASHELLS;9998.0;5
143600;;;DJEMBES;SEASHELLS;13357.0;4
143600;;;KELP;SEASHELLS;2038.0;12
143600;;;SQUID_INK;SEASHELLS;1824.0;2
143600;;;SQUID_INK;SEASHELLS;1824.0;10
143800;;;JAMS;SEASHELLS;6525.0;8
143800;;;KELP;SEASHELLS;2034.0;2
143800;;;RAINFOREST_RESIN;SEASHELLS;9998.0;2
143800;;;SQUID_INK;SEASHELLS;1820.0;2
144000;;;DJEMBES;SEASHELLS;13359.0;2
144200;;;DJEMBES;SEASHELLS;13359.0;5
144300;;;KELP;SEASHELLS;2037.0;1
144300;;;RAINFOREST_RESIN;SEASHELLS;9995.0;1
144300;;;SQUID_INK;SEASHELLS;1822.0;1
144600;;;DJEMBES;SEASHELLS;13363.0;4
145100;;;JAMS;SEASHELLS;6519.0;4
145200;;;JAMS;SEASHELLS;6519.0;9
145200;;;KELP;SEASHELLS;2037.0;1
145200;;;SQUID_INK;SEASHELLS;1825.0;1
145300;;;PICNIC_BASKET2;SEASHELLS;30264.0;2
145300;;;RAINFOREST_RESIN;SEASHELLS;10002.0;1
145400;;;CROISSANTS;SEASHELLS;4274.0;6
145400;;;PICNIC_BASKET1;SEASHELLS;58541.0;2
145400;;;PICNIC_BASKET2;SEASHELLS;30261.0;7
145800;;;DJEMBES;SEASHELLS;13366.0;2
145900;;;JAMS;SEASHELLS;6523.0;10
146000;;;KELP;SEASHELLS;2038.0;8
146000;;;SQUID_INK;SEASHELLS;1827.0;8
146100;;;DJEMBES;SEASHELLS;13369.0;4
146100;;;KELP;SEASHELLS;2038.0;15
146100;;;SQUID_INK;SEASHELLS;1827.0;15
146200;;;KELP;SEASHELLS;2038.0;2
146200;;;RAINFOREST_RESIN;SEASHELLS;10004.0;2
146200;;;SQUID_INK;SEASHELLS;1827.0;2
146500;;;SQUID_INK;SEASHELLS;1826.0;1
146600;;;PICNIC_BASKET2;SEASHELLS;30272.0;2
146600;;;RAINFOREST_RESIN;SEASHELLS;9998.0;1
146800;;;CROISSANTS;SEASHELLS;4273.0;8
146800;;;RAINFOREST_RESIN;SEASHELLS;9998.0;6
146900;;;KELP;SEASHELLS;2034.0;9
146900;;;KELP;SEASHELLS;2035.0;5
146900;;;SQUID_INK;SEASHELLS;1827.0;9
146900;;;SQUID_INK;SEASHELLS;1828.0;5
147000;;;PICNIC_BASKET1;SEASHELLS;58556.0;2
147000;;;PICNIC_BASKET2;SEASHELLS;30270.0;2
147300;;;KELP;SEASHELLS;2036.0;4
147300;;;RAINFOREST_RESIN;SEASHELLS;9998.0;1
147300;;;SQUID_INK;SEASHELLS;1829.0;4
147500;;;CROISSANTS;SEASHELLS;4274.0;7
147500;;;RAINFOREST_RESIN;SEASHELLS;9998.0;9
147600;;;KELP;SEASHELLS;2038.0;5
147600;;;SQUID_INK;SEASHELLS;1827.0;5
147800;;;KELP;SEASHELLS;2037.0;1
147800;;;SQUID_INK;SEASHELLS;1824.0;1
147900;;;CROISSANTS;SEASHELLS;4274.0;6
148000;;;KELP;SEASHELLS;2037.0;1
148000;;;SQUID_INK;SEASHELLS;1829.0;1
148300;;;KELP;SEASHELLS;2037.0;1
148300;;;SQUID_INK;SEASHELLS;1825.0;1
148400;;;RAINFOREST_RESIN;SEASHELLS;10002.0;1
148500;;;JAMS;SEASHELLS;6522.0;7
148500;;;KELP;SEASHELLS;2035.0;9
148500;;;SQUID_INK;SEASHELLS;1826.0;9
148600;;;RAINFOREST_RESIN;SEASHELLS;9998.0;4
148600;;;RAINFOREST_RESIN;SEASHELLS;9998.0;1
148800;;;DJEMBES;SEASHELLS;13372.0;1
148900;;;KELP;SEASHELLS;2038.0;2
148900;;;RAINFOREST_RESIN;SEASHELLS;10002.0;2
148900;;;SQUID_INK;SEASHELLS;1829.0;2
149000;;;RAINFOREST_RESIN;SEASHELLS;9998.0;1
149300;;;KELP;SEASHELLS;2035.0;2
149300;;;RAINFOREST_RESIN;SEASHELLS;9996.0;2
149300;;;SQUID_INK;SEASHELLS;1826.0;2
149500;;;JAMS;SEASHELLS;6525.0;7
149600;;;RAINFOREST_RESIN;SEASHELLS;9998.0;1
149700;;;RAINFOREST_RESIN;SEASHELLS;10005.0;12
149900;;;DJEMBES;SEASHELLS;13372.0;5
150000;;;KELP;SEASHELLS;2037.0;10
150100;;;DJEMBES;SEASHELLS;13374.0;1
150200;;;CROISSANTS;SEASHELLS;4279.0;8
150200;;;DJEMBES;SEASHELLS;13376.0;4
150300;;;JAMS;SEASHELLS;6529.0;4
150500;;;RAINFOREST_RESIN;SEASHELLS;9996.0;2
150500;;;RAINFOREST_RESIN;SEASHELLS;9996.0;1
150600;;;KELP;SEASHELLS;2034.0;11
150600;;;SQUID_INK;SEASHELLS;1828.0;11
150800;;;DJEMBES;SEASHELLS;13376.0;5
150900;;;RAINFOREST_RESIN;SEASHELLS;10002.0;1
151400;;;KELP;SEASHELLS;2035.0;1
151400;;;SQUID_INK;SEASHELLS;1828.0;1
151700;;;CROISSANTS;SEASHELLS;4280.0;7
151700;;;JAMS;SEASHELLS;6527.0;7
151800;;;JAMS;SEASHELLS;6526.0;8
151800;;;JAMS;SEASHELLS;6526.0;6
152000;;;KELP;SEASHELLS;2035.0;1
152000;;;SQUID_INK;SEASHELLS;1826.0;1
152400;;;JAMS;SEASHELLS;6526.0;7
152400;;;KELP;SEASHELLS;2039.0;1
152400;;;RAINFOREST_RESIN;SEASHELLS;10005.0;1
152400;;;SQUID_INK;SEASHELLS;1832.0;1
152500;;;PICNIC_BASKET2;SEASHELLS;30300.0;2
152600;;;KELP;SEASHELLS;2035.0;2
152600;;;RAINFOREST_RESIN;SEASHELLS;9998.0;2
152600;;;SQUID_INK;SEASHELLS;1828.0;2
152800;;;KELP;SEASHELLS;2035.0;1
152800;;;SQUID_INK;SEASHELLS;1828.0;1
152900;;;JAMS;SEASHELLS;6528.0;7
153000;;;DJEMBES;SEASHELLS;13378.0;1
153000;;;JAMS;SEASHELLS;6527.0;6
153200;;;KELP;SEASHELLS;2035.0;1
153200;;;SQUID_INK;SEASHELLS;1828.0;1
153600;;;RAINFOREST_RESIN;SEASHELLS;10002.0;1
153700;;;KELP;SEASHELLS;2035.0;1
153700;;;RAINFOREST_RESIN;SEASHELLS;9996.0;1
153700;;;SQUID_INK;SEASHELLS;1824.0;1
153800;;;CROISSANTS;SEASHELLS;4281.0;6
153800;;;DJEMBES;SEASHELLS;13381.0;3
153900;;;PICNIC_BASKET1;SEASHELLS;58630.0;8
154300;;;DJEMBES;SEASHELLS;13383.0;5
154300;;;JAMS;SEASHELLS;6526.0;9
154400;;;KELP;SEASHELLS;2038.0;13
154400;;;PICNIC_BASKET2;SEASHELLS;30312.0;2
154400;;;RAINFOREST_RESIN;SEASHELLS;9998.0;1
154400;;;SQUID_INK;SEASHELLS;1833.0;13
154700;;;JAMS;SEASHELLS;6529.0;7
154700;;;KELP;SEASHELLS;2037.0;1
154700;;;RAINFOREST_RESIN;SEASHELLS;10002.0;1
154700;;;SQUID_INK;SEASHELLS;1834.0;1
154800;;;DJEMBES;SEASHELLS;13383.0;7
154800;;;JAMS;SEASHELLS;6528.0;12
154900;;;PICNIC_BASKET1;SEASHELLS;58631.0;1
154900;;;PICNIC_BASKET2;SEASHELLS;30316.0;1
155100;;;JAMS;SEASHELLS;6529.0;5
155100;;;KELP;SEASHELLS;2035.0;1
155100;;;KELP;SEASHELLS;2038.0;2
155100;;;RAINFOREST_RESIN;SEASHELLS;10005.0;2
155100;;;SQUID_INK;SEASHELLS;1831.0;1
155100;;;SQUID_INK;SEASHELLS;1834.0;2
155200;;;KELP;SEASHELLS;2036.0;6
155200;;;SQUID_INK;SEASHELLS;1832.0;6
155300;;;KELP;SEASHELLS;2035.0;4
155300;;;SQUID_INK;SEASHELLS;1831.0;4
155600;;;JAMS;SEASHELLS;6528.0;11
155600;;;RAINFOREST_RESIN;SEASHELLS;10002.0;1
155900;;;KELP;SEASHELLS;2038.0;8
155900;;;SQUID_INK;SEASHELLS;1834.0;8
155900;;;SQUID_INK;SEASHELLS;1833.0;9
156000;;;DJEMBES;SEASHELLS;13381.0;5
156000;;;KELP;SEASHELLS;2035.0;5
156000;;;KELP;SEASHELLS;2035.0;3
156000;;;SQUID_INK;SEASHELLS;1832.0;5
156300;;;KELP;SEASHELLS;2039.0;1
156300;;;RAINFOREST_RESIN;SEASHELLS;10005.0;1
156300;;;SQUID_INK;SEASHELLS;1833.0;1
156500;;;KELP;SEASHELLS;2035.0;1
156500;;;SQUID_INK;SEASHELLS;1831.0;1
156700;;;RAINFOREST_RESIN;SEASHELLS;10002.0;1
157100;;;RAINFOREST_RESIN;SEASHELLS;9998.0;6
157400;;;CROISSANTS;SEASHELLS;4278.0;4
157500;;;KELP;SEASHELLS;2038.0;1
157500;;;RAINFOREST_RESIN;SEASHELLS;9998.0;1
157500;;;SQUID_INK;SEASHELLS;1833.0;1
157700;;;JAMS;SEASHELLS;6526.0;9
157700;;;KELP;SEASHELLS;2037.0;1
157700;;;SQUID_INK;SEASHELLS;1829.0;1
157700;;;SQUID_INK;SEASHELLS;1828.0;2
158100;;;PICNIC_BASKET1;SEASHELLS;58620.0;2
158100;;;PICNIC_BASKET2;SEASHELLS;30296.0;2
158400;;;KELP;SEASHELLS;2035.0;6
158400;;;RAINFOREST_RESIN;SEASHELLS;9998.0;1
158400;;;SQUID_INK;SEASHELLS;1824.0;6
159300;;;DJEMBES;SEASHELLS;13388.0;3
159600;;;KELP;SEASHELLS;2036.0;1
159600;;;SQUID_INK;SEASHELLS;1825.0;1
159900;;;KELP;SEASHELLS;2036.0;5
159900;;;SQUID_INK;SEASHELLS;1823.0;5
160100;;;CROISSANTS;SEASHELLS;4281.0;8
160200;;;RAINFOREST_RESIN;SEASHELLS;9998.0;1
160500;;;KELP;SEASHELLS;2038.0;1
160500;;;KELP;SEASHELLS;2036.0;8
160500;;;RAINFOREST_RESIN;SEASHELLS;9996.0;1
160500;;;RAINFOREST_RESIN;SEASHELLS;9996.0;6
160500;;;SQUID_INK;SEASHELLS;1822.0;1
160500;;;SQUID_INK;SEASHELLS;1821.0;8
160900;;;SQUID_INK;SEASHELLS;1825.0;2
161100;;;KELP;SEASHELLS;2036.0;8
161100;;;SQUID_INK;SEASHELLS;1822.0;8
161300;;;DJEMBES;SEASHELLS;13387.0;2
161300;;;JAMS;SEASHELLS;6522.0;8
161300;;;KELP;SEASHELLS;2039.0;2
161300;;;RAINFOREST_RESIN;SEASHELLS;10004.0;2
161300;;;SQUID_INK;SEASHELLS;1826.0;2
161400;;;RAINFOREST_RESIN;SEASHELLS;9998.0;1
161500;;;CROISSANTS;SEASHELLS;4280.0;7
161700;;;JAMS;SEASHELLS;6520.0;3
161900;;;DJEMBES;SEASHELLS;13390.0;4
161900;;;RAINFOREST_RESIN;SEASHELLS;10002.0;4
162100;;;JAMS;SEASHELLS;6519.0;5
162100;;;KELP;SEASHELLS;2036.0;1
162100;;;SQUID_INK;SEASHELLS;1823.0;1
162200;;;KELP;SEASHELLS;2036.0;1
162200;;;SQUID_INK;SEASHELLS;1826.0;1
162400;;;KELP;SEASHELLS;2036.0;3
162400;;;KELP;SEASHELLS;2036.0;1
162400;;;SQUID_INK;SEASHELLS;1826.0;1
162400;;;SQUID_INK;SEASHELLS;1827.0;3
162500;;;JAMS;SEASHELLS;6519.0;7
162500;;;RAINFOREST_RESIN;SEASHELLS;10004.0;2
162600;;;KELP;SEASHELLS;2036.0;1
162600;;;SQUID_INK;SEASHELLS;1826.0;5
163000;;;CROISSANTS;SEASHELLS;4278.0;8
163000;;;SQUID_INK;SEASHELLS;1829.0;1
163300;;;CROISSANTS;SEASHELLS;4279.0;5
163300;;;RAINFOREST_RESIN;SEASHELLS;10002.0;1
163400;;;KELP;SEASHELLS;2036.0;1
163400;;;SQUID_INK;SEASHELLS;1833.0;1
163500;;;RAINFOREST_RESIN;SEASHELLS;10004.0;1
163500;;;RAINFOREST_RESIN;SEASHELLS;10004.0;6
163600;;;KELP;SEASHELLS;2038.0;1
163600;;;PICNIC_BASKET1;SEASHELLS;58572.0;8
163600;;;PICNIC_BASKET2;SEASHELLS;30288.0;2
163600;;;PICNIC_BASKET2;SEASHELLS;30288.0;6
163600;;;SQUID_INK;SEASHELLS;1834.0;1
163900;;;JAMS;SEASHELLS;6522.0;4
163900;;;KELP;SEASHELLS;2038.0;1
163900;;;SQUID_INK;SEASHELLS;1834.0;1
164000;;;DJEMBES;SEASHELLS;13391.0;2
164400;;;KELP;SEASHELLS;2036.0;1
164400;;;SQUID_INK;SEASHELLS;1834.0;1
164700;;;RAINFOREST_RESIN;SEASHELLS;10002.0;6
164700;;;RAINFOREST_RESIN;SEASHELLS;10002.0;6
164900;;;JAMS;SEASHELLS;6521.0;8
164900;;;KELP;SEASHELLS;2035.0;12
164900;;;SQUID_INK;SEASHELLS;1835.0;5
164900;;;SQUID_INK;SEASHELLS;1835.0;12
165000;;;RAINFOREST_RESIN;SEASHELLS;9996.0;1
165000;;;RAINFOREST_RESIN;SEASHELLS;9996.0;5
165200;;;KELP;SEASHELLS;2036.0;1
165200;;;KELP;SEASHELLS;2036.0;2
165200;;;KELP;SEASHELLS;2035.0;2
165200;;;PICNIC_BASKET1;SEASHELLS;58610.0;2
165200;;;PICNIC_BASKET1;SEASHELLS;58609.0;3
165200;;;PICNIC_BASKET2;SEASHELLS;30304.0;5
165200;;;RAINFOREST_RESIN;SEASHELLS;9998.0;2
165200;;;SQUID_INK;SEASHELLS;1840.0;1
165200;;;SQUID_INK;SEASHELLS;1840.0;2
165200;;;SQUID_INK;SEASHELLS;1840.0;2
165600;;;JAMS;SEASHELLS;6523.0;7
165600;;;RAINFOREST_RESIN;SEASHELLS;10002.0;3
165700;;;PICNIC_BASKET1;SEASHELLS;58620.0;7
165700;;;PICNIC_BASKET2;SEASHELLS;30308.0;7
165900;;;KELP;SEASHELLS;2035.0;9
165900;;;SQUID_INK;SEASHELLS;1839.0;9
166000;;;DJEMBES;SEASHELLS;13386.0;11
166000;;;RAINFOREST_RESIN;SEASHELLS;10002.0;1
166100;;;DJEMBES;SEASHELLS;13386.0;7
166100;;;DJEMBES;SEASHELLS;13387.0;4
166100;;;JAMS;SEASHELLS;6523.0;8
166100;;;KELP;SEASHELLS;2036.0;8
166100;;;SQUID_INK;SEASHELLS;1839.0;8
166200;;;JAMS;SEASHELLS;6523.0;7
166400;;;PICNIC_BASKET1;SEASHELLS;58626.0;2
166800;;;PICNIC_BASKET1;SEASHELLS;58619.0;2
166800;;;PICNIC_BASKET1;SEASHELLS;58614.0;4
166800;;;PICNIC_BASKET2;SEASHELLS;30308.0;2
166800;;;PICNIC_BASKET2;SEASHELLS;30306.0;4
167000;;;CROISSANTS;SEASHELLS;4282.0;6
167200;;;KELP;SEASHELLS;2038.0;2
167200;;;PICNIC_BASKET2;SEASHELLS;30307.0;1
167200;;;SQUID_INK;SEASHELLS;1840.0;2
167300;;;RAINFOREST_RESIN;SEASHELLS;9998.0;3
167600;;;KELP;SEASHELLS;2036.0;1
167600;;;RAINFOREST_RESIN;SEASHELLS;9998.0;1
167600;;;SQUID_INK;SEASHELLS;1837.0;1
167700;;;KELP;SEASHELLS;2039.0;8
167700;;;RAINFOREST_RESIN;SEASHELLS;9998.0;1
167700;;;SQUID_INK;SEASHELLS;1841.0;8
167800;;;CROISSANTS;SEASHELLS;4281.0;5
168000;;;CROISSANTS;SEASHELLS;4282.0;6
168300;;;DJEMBES;SEASHELLS;13391.0;3
168500;;;JAMS;SEASHELLS;6526.0;8
168700;;;KELP;SEASHELLS;2036.0;1
168700;;;SQUID_INK;SEASHELLS;1836.0;1
169100;;;RAINFOREST_RESIN;SEASHELLS;9998.0;4
169300;;;KELP;SEASHELLS;2039.0;4
169300;;;SQUID_INK;SEASHELLS;1839.0;4
169500;;;RAINFOREST_RESIN;SEASHELLS;10002.0;1
169600;;;KELP;SEASHELLS;2036.0;1
169600;;;SQUID_INK;SEASHELLS;1839.0;1
169700;;;KELP;SEASHELLS;2036.0;1
169700;;;RAINFOREST_RESIN;SEASHELLS;9996.0;1
169700;;;SQUID_INK;SEASHELLS;1838.0;1
169900;;;KELP;SEASHELLS;2036.0;9
169900;;;RAINFOREST_RESIN;SEASHELLS;10002.0;1
169900;;;SQUID_INK;SEASHELLS;1838.0;9
170100;;;CROISSANTS;SEASHELLS;4282.0;8
170100;;;RAINFOREST_RESIN;SEASHELLS;9998.0;1
170100;;;SQUID_INK;SEASHELLS;1841.0;3
170200;;;KELP;SEASHELLS;2036.0;14
170200;;;SQUID_INK;SEASHELLS;1841.0;14
170400;;;KELP;SEASHELLS;2036.0;1
170400;;;SQUID_INK;SEASHELLS;1841.0;1
170500;;;PICNIC_BASKET1;SEASHELLS;58617.0;2
170500;;;PICNIC_BASKET2;SEASHELLS;30300.0;2
170700;;;KELP;SEASHELLS;2036.0;4
170700;;;KELP;SEASHELLS;2036.0;3
170700;;;SQUID_INK;SEASHELLS;1842.0;4
170700;;;SQUID_INK;SEASHELLS;1842.0;3
170800;;;KELP;SEASHELLS;2039.0;13
170800;;;RAINFOREST_RESIN;SEASHELLS;10004.0;1
170800;;;SQUID_INK;SEASHELLS;1845.0;13
170900;;;JAMS;SEASHELLS;6521.0;9
170900;;;PICNIC_BASKET1;SEASHELLS;58593.0;1
170900;;;PICNIC_BASKET1;SEASHELLS;58593.0;4
170900;;;PICNIC_BASKET2;SEASHELLS;30283.0;1
170900;;;PICNIC_BASKET2;SEASHELLS;30283.0;4
171000;;;KELP;SEASHELLS;2039.0;8
171000;;;RAINFOREST_RESIN;SEASHELLS;10002.0;1
171000;;;SQUID_INK;SEASHELLS;1846.0;8
171200;;;KELP;SEASHELLS;2036.0;7
171200;;;KELP;SEASHELLS;2039.0;1
171200;;;RAINFOREST_RESIN;SEASHELLS;10004.0;1
171200;;;SQUID_INK;SEASHELLS;1843.0;7
171200;;;SQUID_INK;SEASHELLS;1846.0;1
171400;;;JAMS;SEASHELLS;6521.0;4
171500;;;JAMS;SEASHELLS;6521.0;3
171700;;;CROISSANTS;SEASHELLS;4279.0;8
171700;;;DJEMBES;SEASHELLS;13387.0;2
171800;;;KELP;SEASHELLS;2038.0;1
171900;;;RAINFOREST_RESIN;SEASHELLS;9998.0;1
172300;;;RAINFOREST_RESIN;SEASHELLS;10002.0;1
172300;;;RAINFOREST_RESIN;SEASHELLS;10002.0;3
172400;;;KELP;SEASHELLS;2036.0;1
172400;;;SQUID_INK;SEASHELLS;1839.0;1
172500;;;JAMS;SEASHELLS;6521.0;7
172700;;;JAMS;SEASHELLS;6521.0;10
172700;;;KELP;SEASHELLS;2038.0;1
172700;;;SQUID_INK;SEASHELLS;1841.0;1
172900;;;CROISSANTS;SEASHELLS;4280.0;5
173000;;;RAINFOREST_RESIN;SEASHELLS;9998.0;3
173100;;;CROISSANTS;SEASHELLS;4280.0;6
173200;;;DJEMBES;SEASHELLS;13383.0;3
173300;;;DJEMBES;SEASHELLS;13384.0;2
173300;;;KELP;SEASHELLS;2035.0;1
173300;;;SQUID_INK;SEASHELLS;1838.0;1
173400;;;DJEMBES;SEASHELLS;13384.0;1
173900;;;RAINFOREST_RESIN;SEASHELLS;9995.0;4
174100;;;RAINFOREST_RESIN;SEASHELLS;9995.0;4
174200;;;RAINFOREST_RESIN;SEASHELLS;9998.0;1
174300;;;PICNIC_BASKET1;SEASHELLS;58587.0;8
174300;;;PICNIC_BASKET2;SEASHELLS;30262.0;8
174500;;;DJEMBES;SEASHELLS;13380.0;1
175000;;;JAMS;SEASHELLS;6517.0;8
175100;;;JAMS;SEASHELLS;6515.0;8
175100;;;RAINFOREST_RESIN;SEASHELLS;9996.0;2
175500;;;DJEMBES;SEASHELLS;13383.0;2
175500;;;KELP;SEASHELLS;2035.0;2
175500;;;KELP;SEASHELLS;2036.0;1
175500;;;RAINFOREST_RESIN;SEASHELLS;9995.0;2
175500;;;SQUID_INK;SEASHELLS;1834.0;1
175500;;;SQUID_INK;SEASHELLS;1834.0;2
175600;;;KELP;SEASHELLS;2036.0;1
175600;;;PICNIC_BASKET1;SEASHELLS;58606.0;7
175600;;;PICNIC_BASKET2;SEASHELLS;30262.0;7
175600;;;SQUID_INK;SEASHELLS;1832.0;1
175700;;;RAINFOREST_RESIN;SEASHELLS;10002.0;1
175800;;;KELP;SEASHELLS;2035.0;14
175800;;;SQUID_INK;SEASHELLS;1830.0;14
175900;;;JAMS;SEASHELLS;6516.0;10
176100;;;CROISSANTS;SEASHELLS;4283.0;7
176100;;;RAINFOREST_RESIN;SEASHELLS;10002.0;1
176400;;;RAINFOREST_RESIN;SEASHELLS;9998.0;5
176400;;;SQUID_INK;SEASHELLS;1832.0;2
176500;;;DJEMBES;SEASHELLS;13382.0;3
176500;;;JAMS;SEASHELLS;6515.0;12
176800;;;DJEMBES;SEASHELLS;13381.0;5
176900;;;RAINFOREST_RESIN;SEASHELLS;10005.0;8
177400;;;DJEMBES;SEASHELLS;13378.0;2
177500;;;JAMS;SEASHELLS;6515.0;7
177500;;;KELP;SEASHELLS;2036.0;7
177500;;;SQUID_INK;SEASHELLS;1830.0;7
177600;;;DJEMBES;SEASHELLS;13379.0;3
177600;;;KELP;SEASHELLS;2036.0;1
177600;;;KELP;SEASHELLS;2039.0;2
177600;;;RAINFOREST_RESIN;SEASHELLS;10004.0;1
177600;;;RAINFOREST_RESIN;SEASHELLS;10004.0;1
177600;;;SQUID_INK;SEASHELLS;1829.0;1
177600;;;SQUID_INK;SEASHELLS;1832.0;2
177700;;;KELP;SEASHELLS;2036.0;1
177700;;;SQUID_INK;SEASHELLS;1828.0;1
178000;;;JAMS;SEASHELLS;6518.0;6
178000;;;PICNIC_BASKET1;SEASHELLS;58625.0;1
178000;;;PICNIC_BASKET2;SEASHELLS;30248.0;1
178200;;;JAMS;SEASHELLS;6521.0;10
178300;;;KELP;SEASHELLS;2036.0;1
178300;;;KELP;SEASHELLS;2036.0;7
178300;;;SQUID_INK;SEASHELLS;1827.0;1
178300;;;SQUID_INK;SEASHELLS;1827.0;7
178500;;;KELP;SEASHELLS;2036.0;1
178500;;;SQUID_INK;SEASHELLS;1827.0;1
178600;;;KELP;SEASHELLS;2038.0;1
179300;;;CROISSANTS;SEASHELLS;4282.0;6
179300;;;JAMS;SEASHELLS;6520.0;10
179600;;;JAMS;SEASHELLS;6519.0;7
179800;;;KELP;SEASHELLS;2038.0;1
179800;;;SQUID_INK;SEASHELLS;1833.0;1
179900;;;DJEMBES;SEASHELLS;13377.0;5
179900;;;JAMS;SEASHELLS;6519.0;4
180000;;;KELP;SEASHELLS;2038.0;1
180000;;;RAINFOREST_RESIN;SEASHELLS;10002.0;5
180000;;;SQUID_INK;SEASHELLS;1833.0;1
180200;;;KELP;SEASHELLS;2036.0;1
180200;;;SQUID_INK;SEASHELLS;1832.0;1
180300;;;CROISSANTS;SEASHELLS;4281.0;7
180300;;;PICNIC_BASKET1;SEASHELLS;58620.0;7
180300;;;PICNIC_BASKET2;SEASHELLS;30250.0;7
180500;;;KELP;SEASHELLS;2036.0;4
180500;;;SQUID_INK;SEASHELLS;1834.0;4
180600;;;JAMS;SEASHELLS;6519.0;8
180600;;;KELP;SEASHELLS;2036.0;3
180600;;;RAINFOREST_RESIN;SEASHELLS;10000.0;3
180700;;;RAINFOREST_RESIN;SEASHELLS;9996.0;1
180900;;;RAINFOREST_RESIN;SEASHELLS;9998.0;1
181100;;;PICNIC_BASKET1;SEASHELLS;58623.0;1
181100;;;PICNIC_BASKET2;SEASHELLS;30257.0;5
181200;;;RAINFOREST_RESIN;SEASHELLS;9996.0;2
181200;;;RAINFOREST_RESIN;SEASHELLS;9996.0;4
181400;;;CROISSANTS;SEASHELLS;4280.0;7
181500;;;CROISSANTS;SEASHELLS;4280.0;8
181600;;;KELP;SEASHELLS;2035.0;2
181600;;;RAINFOREST_RESIN;SEASHELLS;9995.0;2
181600;;;SQUID_INK;SEASHELLS;1834.0;2
181700;;;JAMS;SEASHELLS;6523.0;10
181900;;;DJEMBES;SEASHELLS;13382.0;10
182100;;;CROISSANTS;SEASHELLS;4278.0;5
182100;;;KELP;SEASHELLS;2035.0;1
182100;;;RAINFOREST_RESIN;SEASHELLS;10004.0;2
182100;;;RAINFOREST_RESIN;SEASHELLS;10004.0;3
182100;;;RAINFOREST_RESIN;SEASHELLS;10002.0;5
182100;;;SQUID_INK;SEASHELLS;1833.0;1
182300;;;RAINFOREST_RESIN;SEASHELLS;10005.0;8
182300;;;RAINFOREST_RESIN;SEASHELLS;10005.0;7
182400;;;DJEMBES;SEASHELLS;13382.0;3
182500;;;RAINFOREST_RESIN;SEASHELLS;10002.0;3
182600;;;CROISSANTS;SEASHELLS;4278.0;8
182800;;;KELP;SEASHELLS;2037.0;1
182800;;;SQUID_INK;SEASHELLS;1839.0;1
183000;;;DJEMBES;SEASHELLS;13378.0;3
183000;;;KELP;SEASHELLS;2038.0;1
183000;;;RAINFOREST_RESIN;SEASHELLS;10004.0;1
183000;;;SQUID_INK;SEASHELLS;1841.0;1
183200;;;RAINFOREST_RESIN;SEASHELLS;9998.0;1
183400;;;JAMS;SEASHELLS;6522.0;8
183600;;;KELP;SEASHELLS;2035.0;1
183600;;;PICNIC_BASKET1;SEASHELLS;58628.0;1
183600;;;PICNIC_BASKET1;SEASHELLS;58628.0;5
183600;;;PICNIC_BASKET2;SEASHELLS;30252.0;6
183600;;;SQUID_INK;SEASHELLS;1838.0;1
183700;;;DJEMBES;SEASHELLS;13381.0;1
183800;;;DJEMBES;SEASHELLS;13382.0;1
183800;;;KELP;SEASHELLS;2035.0;1
183800;;;RAINFOREST_RESIN;SEASHELLS;10002.0;2
183800;;;RAINFOREST_RESIN;SEASHELLS;10002.0;1
183800;;;SQUID_INK;SEASHELLS;1839.0;1
184200;;;DJEMBES;SEASHELLS;13378.0;2
184200;;;RAINFOREST_RESIN;SEASHELLS;9998.0;1
184300;;;SQUID_INK;SEASHELLS;1839.0;1
184400;;;DJEMBES;SEASHELLS;13379.0;5
184600;;;KELP;SEASHELLS;2035.0;1
184600;;;SQUID_INK;SEASHELLS;1835.0;1
184700;;;KELP;SEASHELLS;2035.0;1
184700;;;SQUID_INK;SEASHELLS;1836.0;1
185000;;;CROISSANTS;SEASHELLS;4277.0;6
185100;;;KELP;SEASHELLS;2038.0;1
185100;;;RAINFOREST_RESIN;SEASHELLS;10004.0;1
185100;;;RAINFOREST_RESIN;SEASHELLS;10004.0;5
185100;;;SQUID_INK;SEASHELLS;1839.0;1
185200;;;KELP;SEASHELLS;2035.0;1
185200;;;SQUID_INK;SEASHELLS;1837.0;1
185300;;;KELP;SEASHELLS;2038.0;1
185300;;;RAINFOREST_RESIN;SEASHELLS;9996.0;1
185300;;;RAINFOREST_RESIN;SEASHELLS;9996.0;1
185300;;;SQUID_INK;SEASHELLS;1839.0;1
185500;;;KELP;SEASHELLS;2035.0;1
185500;;;SQUID_INK;SEASHELLS;1837.0;1
185700;;;PICNIC_BASKET1;SEASHELLS;58631.0;1
186000;;;RAINFOREST_RESIN;SEASHELLS;9998.0;1
186000;;;RAINFOREST_RESIN;SEASHELLS;9998.0;3
186100;;;CROISSANTS;SEASHELLS;4278.0;7
186200;;;DJEMBES;SEASHELLS;13380.0;4
186300;;;KELP;SEASHELLS;2038.0;1
186300;;;SQUID_INK;SEASHELLS;1838.0;1
186400;;;CROISSANTS;SEASHELLS;4277.0;6
186400;;;DJEMBES;SEASHELLS;13379.0;3
186500;;;RAINFOREST_RESIN;SEASHELLS;10002.0;1
186600;;;RAINFOREST_RESIN;SEASHELLS;9998.0;5
186800;;;JAMS;SEASHELLS;6525.0;4
186900;;;CROISSANTS;SEASHELLS;4278.0;8
187000;;;KELP;SEASHELLS;2036.0;2
187000;;;KELP;SEASHELLS;2036.0;1
187000;;;RAINFOREST_RESIN;SEASHELLS;10002.0;1
187000;;;RAINFOREST_RESIN;SEASHELLS;10002.0;2
187000;;;SQUID_INK;SEASHELLS;1837.0;2
187000;;;SQUID_INK;SEASHELLS;1837.0;1
187500;;;KELP;SEASHELLS;2038.0;1
187500;;;SQUID_INK;SEASHELLS;1835.0;1
187600;;;DJEMBES;SEASHELLS;13379.0;1
187600;;;RAINFOREST_RESIN;SEASHELLS;10002.0;1
187700;;;JAMS;SEASHELLS;6524.0;3
187800;;;RAINFOREST_RESIN;SEASHELLS;9998.0;5
187900;;;CROISSANTS;SEASHELLS;4277.0;5
188000;;;KELP;SEASHELLS;2039.0;9
188000;;;SQUID_INK;SEASHELLS;1836.0;9
188100;;;DJEMBES;SEASHELLS;13375.0;2
188100;;;RAINFOREST_RESIN;SEASHELLS;10002.0;1
188300;;;KELP;SEASHELLS;2036.0;1
188300;;;RAINFOREST_RESIN;SEASHELLS;9996.0;1
188300;;;SQUID_INK;SEASHELLS;1833.0;1
188400;;;RAINFOREST_RESIN;SEASHELLS;10002.0;2
188500;;;KELP;SEASHELLS;2038.0;1
188500;;;SQUID_INK;SEASHELLS;1836.0;1
188700;;;RAINFOREST_RESIN;SEASHELLS;10004.0;1
188700;;;RAINFOREST_RESIN;SEASHELLS;10004.0;9
188800;;;KELP;SEASHELLS;2037.0;3
188900;;;KELP;SEASHELLS;2038.0;6
188900;;;KELP;SEASHELLS;2038.0;3
188900;;;RAINFOREST_RESIN;SEASHELLS;10004.0;2
188900;;;RAINFOREST_RESIN;SEASHELLS;10004.0;6
188900;;;RAINFOREST_RESIN;SEASHELLS;10004.0;2
188900;;;SQUID_INK;SEASHELLS;1836.0;6
189000;;;DJEMBES;SEASHELLS;13377.0;5
189300;;;DJEMBES;SEASHELLS;13375.0;8
189400;;;JAMS;SEASHELLS;6522.0;8
189500;;;CROISSANTS;SEASHELLS;4274.0;6
189600;;;JAMS;SEASHELLS;6519.0;6
189700;;;JAMS;SEASHELLS;6519.0;5
189700;;;KELP;SEASHELLS;2037.0;1
189700;;;SQUID_INK;SEASHELLS;1833.0;1
189800;;;JAMS;SEASHELLS;6519.0;8
189800;;;KELP;SEASHELLS;2039.0;1
189900;;;PICNIC_BASKET1;SEASHELLS;58597.0;7
189900;;;PICNIC_BASKET2;SEASHELLS;30233.0;7
190200;;;PICNIC_BASKET1;SEASHELLS;58609.0;9
190200;;;PICNIC_BASKET2;SEASHELLS;30238.0;9
190300;;;DJEMBES;SEASHELLS;13378.0;5
190300;;;RAINFOREST_RESIN;SEASHELLS;10004.0;1
190300;;;RAINFOREST_RESIN;SEASHELLS;10004.0;9
190500;;;KELP;SEASHELLS;2036.0;1
190500;;;SQUID_INK;SEASHELLS;1834.0;1
190600;;;KELP;SEASHELLS;2038.0;1
190600;;;PICNIC_BASKET1;SEASHELLS;58606.0;1
190600;;;PICNIC_BASKET2;SEASHELLS;30234.0;1
190600;;;RAINFOREST_RESIN;SEASHELLS;9996.0;1
190600;;;RAINFOREST_RESIN;SEASHELLS;9996.0;7
190600;;;SQUID_INK;SEASHELLS;1836.0;1
190800;;;KELP;SEASHELLS;2038.0;1
190800;;;SQUID_INK;SEASHELLS;1836.0;1
191300;;;CROISSANTS;SEASHELLS;4277.0;9
191300;;;JAMS;SEASHELLS;6520.0;7
191300;;;KELP;SEASHELLS;2038.0;1
191300;;;KELP;SEASHELLS;2038.0;4
191300;;;SQUID_INK;SEASHELLS;1834.0;1
191300;;;SQUID_INK;SEASHELLS;1834.0;4
191400;;;CROISSANTS;SEASHELLS;4278.0;5
191400;;;KELP;SEASHELLS;2038.0;1
191400;;;SQUID_INK;SEASHELLS;1833.0;1
191500;;;RAINFOREST_RESIN;SEASHELLS;10004.0;1
191800;;;DJEMBES;SEASHELLS;13382.0;3
191800;;;JAMS;SEASHELLS;6518.0;5
191800;;;KELP;SEASHELLS;2036.0;2
191800;;;RAINFOREST_RESIN;SEASHELLS;9995.0;2
191800;;;SQUID_INK;SEASHELLS;1831.0;2
192000;;;KELP;SEASHELLS;2038.0;1
192000;;;RAINFOREST_RESIN;SEASHELLS;9998.0;1
192000;;;SQUID_INK;SEASHELLS;1831.0;1
192100;;;KELP;SEASHELLS;2038.0;1
192100;;;SQUID_INK;SEASHELLS;1832.0;1
192200;;;RAINFOREST_RESIN;SEASHELLS;10002.0;1
192300;;;PICNIC_BASKET1;SEASHELLS;58604.0;1
192300;;;PICNIC_BASKET1;SEASHELLS;58609.0;1
192300;;;PICNIC_BASKET1;SEASHELLS;58609.0;5
192300;;;PICNIC_BASKET2;SEASHELLS;30232.0;1
192400;;;KELP;SEASHELLS;2036.0;1
192400;;;SQUID_INK;SEASHELLS;1831.0;1
192600;;;KELP;SEASHELLS;2036.0;1
192600;;;RAINFOREST_RESIN;SEASHELLS;9998.0;1
192600;;;SQUID_INK;SEASHELLS;1834.0;1
192700;;;RAINFOREST_RESIN;SEASHELLS;10002.0;4
192900;;;KELP;SEASHELLS;2038.0;1
192900;;;PICNIC_BASKET1;SEASHELLS;58613.0;5
192900;;;PICNIC_BASKET2;SEASHELLS;30232.0;5
192900;;;SQUID_INK;SEASHELLS;1834.0;1
193000;;;CROISSANTS;SEASHELLS;4279.0;6
193100;;;CROISSANTS;SEASHELLS;4278.0;6
193300;;;RAINFOREST_RESIN;SEASHELLS;9998.0;1
193400;;;DJEMBES;SEASHELLS;13384.0;3
193400;;;KELP;SEASHELLS;2036.0;9
193400;;;SQUID_INK;SEASHELLS;1831.0;9
193500;;;KELP;SEASHELLS;2039.0;7
193500;;;SQUID_INK;SEASHELLS;1834.0;7
193600;;;CROISSANTS;SEASHELLS;4278.0;8
193600;;;PICNIC_BASKET1;SEASHELLS;58619.0;5
193600;;;PICNIC_BASKET2;SEASHELLS;30238.0;2
193600;;;PICNIC_BASKET2;SEASHELLS;30238.0;3
194100;;;KELP;SEASHELLS;2036.0;1
194100;;;SQUID_INK;SEASHELLS;1836.0;1
194400;;;RAINFOREST_RESIN;SEASHELLS;10002.0;1
194500;;;SQUID_INK;SEASHELLS;1838.0;4
194900;;;JAMS;SEASHELLS;6513.0;10
195100;;;KELP;SEASHELLS;2038.0;1
195100;;;SQUID_INK;SEASHELLS;1837.0;1
195200;;;PICNIC_BASKET1;SEASHELLS;58621.0;6
195200;;;PICNIC_BASKET2;SEASHELLS;30213.0;6
195200;;;SQUID_INK;SEASHELLS;1835.0;6
195400;;;KELP;SEASHELLS;2038.0;1
195400;;;SQUID_INK;SEASHELLS;1839.0;1
195600;;;CROISSANTS;SEASHELLS;4276.0;5
195600;;;RAINFOREST_RESIN;SEASHELLS;10002.0;1
195700;;;JAMS;SEASHELLS;6513.0;3
195700;;;KELP;SEASHELLS;2039.0;1
195700;;;RAINFOREST_RESIN;SEASHELLS;10002.0;1
195700;;;RAINFOREST_RESIN;SEASHELLS;10002.0;1
195700;;;SQUID_INK;SEASHELLS;1839.0;1
196000;;;JAMS;SEASHELLS;6513.0;9
196100;;;DJEMBES;SEASHELLS;13381.0;4
196600;;;CROISSANTS;SEASHELLS;4275.0;7
196600;;;DJEMBES;SEASHELLS;13379.0;1
196800;;;KELP;SEASHELLS;2036.0;1
196800;;;RAINFOREST_RESIN;SEASHELLS;9995.0;1
196800;;;SQUID_INK;SEASHELLS;1831.0;1
196900;;;DJEMBES;SEASHELLS;13377.0;2
197000;;;KELP;SEASHELLS;2038.0;4
197100;;;CROISSANTS;SEASHELLS;4275.0;8
197500;;;JAMS;SEASHELLS;6515.0;8
197700;;;JAMS;SEASHELLS;6514.0;8
197700;;;KELP;SEASHELLS;2038.0;1
197700;;;SQUID_INK;SEASHELLS;1832.0;1
198100;;;RAINFOREST_RESIN;SEASHELLS;9995.0;6
198200;;;JAMS;SEASHELLS;6519.0;4
198400;;;KELP;SEASHELLS;2036.0;1
198400;;;SQUID_INK;SEASHELLS;1829.0;1
198500;;;PICNIC_BASKET1;SEASHELLS;58622.0;6
198500;;;PICNIC_BASKET2;SEASHELLS;30216.0;6
198700;;;JAMS;SEASHELLS;6516.0;6
198700;;;KELP;SEASHELLS;2036.0;1
198700;;;SQUID_INK;SEASHELLS;1830.0;1
198800;;;KELP;SEASHELLS;2039.0;2
198800;;;RAINFOREST_RESIN;SEASHELLS;10004.0;2
198800;;;SQUID_INK;SEASHELLS;1833.0;2
199100;;;KELP;SEASHELLS;2038.0;1
199100;;;SQUID_INK;SEASHELLS;1830.0;1
199200;;;KELP;SEASHELLS;2037.0;1
199200;;;PICNIC_BASKET1;SEASHELLS;58644.0;8
199200;;;PICNIC_BASKET2;SEASHELLS;30224.0;8
199200;;;RAINFOREST_RESIN;SEASHELLS;10002.0;1
199200;;;SQUID_INK;SEASHELLS;1829.0;1
199200;;;SQUID_INK;SEASHELLS;1829.0;4
199300;;;KELP;SEASHELLS;2039.0;1
199300;;;RAINFOREST_RESIN;SEASHELLS;9998.0;1
199300;;;SQUID_INK;SEASHELLS;1829.0;1
199400;;;JAMS;SEASHELLS;6516.0;4
199400;;;JAMS;SEASHELLS;6516.0;9
199400;;;KELP;SEASHELLS;2036.0;1
199400;;;SQUID_INK;SEASHELLS;1826.0;1
199500;;;JAMS;SEASHELLS;6517.0;4
199600;;;KELP;SEASHELLS;2038.0;1
199600;;;KELP;SEASHELLS;2038.0;2
199600;;;RAINFOREST_RESIN;SEASHELLS;10004.0;2
199600;;;SQUID_INK;SEASHELLS;1829.0;1
199600;;;SQUID_INK;SEASHELLS;1829.0;2
199900;;;KELP;SEASHELLS;2037.0;4
199900;;;SQUID_INK;SEASHELLS;1823.0;4
200000;;;RAINFOREST_RESIN;SEASHELLS;9996.0;2
200100;;;CROISSANTS;SEASHELLS;4277.0;8
200100;;;KELP;SEASHELLS;2038.0;1
200100;;;SQUID_INK;SEASHELLS;1872.0;1
200200;;;JAMS;SEASHELLS;6515.0;8
200300;;;JAMS;SEASHELLS;6514.0;8
200300;;;SQUID_INK;SEASHELLS;2013.0;15
200700;;;RAINFOREST_RESIN;SEASHELLS;9998.0;1
200800;;;DJEMBES;SEASHELLS;13383.0;5
200900;;;KELP;SEASHELLS;2036.0;3
200900;;;RAINFOREST_RESIN;SEASHELLS;9996.0;1
200900;;;RAINFOREST_RESIN;SEASHELLS;9996.0;5
200900;;;SQUID_INK;SEASHELLS;1980.0;1
200900;;;SQUID_INK;SEASHELLS;1980.0;2
201000;;;DJEMBES;SEASHELLS;13384.0;1
201000;;;KELP;SEASHELLS;2035.0;9
201000;;;SQUID_INK;SEASHELLS;1974.0;9
201100;;;RAINFOREST_RESIN;SEASHELLS;9998.0;1
201400;;;DJEMBES;SEASHELLS;13384.0;2
201500;;;RAINFOREST_RESIN;SEASHELLS;10002.0;1
201600;;;RAINFOREST_RESIN;SEASHELLS;9998.0;1
201800;;;PICNIC_BASKET1;SEASHELLS;58656.0;1
201800;;;PICNIC_BASKET2;SEASHELLS;30185.0;1
201800;;;RAINFOREST_RESIN;SEASHELLS;10002.0;1
202100;;;RAINFOREST_RESIN;SEASHELLS;9998.0;1
202100;;;SQUID_INK;SEASHELLS;1922.0;3
202200;;;KELP;SEASHELLS;2038.0;2
202200;;;RAINFOREST_RESIN;SEASHELLS;10002.0;2
202200;;;SQUID_INK;SEASHELLS;1922.0;2
202400;;;CROISSANTS;SEASHELLS;4275.0;7
202800;;;KELP;SEASHELLS;2035.0;1
202800;;;RAINFOREST_RESIN;SEASHELLS;10002.0;1
202800;;;SQUID_INK;SEASHELLS;1938.0;1
203100;;;CROISSANTS;SEASHELLS;4274.0;7
203500;;;KELP;SEASHELLS;2035.0;2
203500;;;RAINFOREST_RESIN;SEASHELLS;9996.0;1
203500;;;SQUID_INK;SEASHELLS;1944.0;2
204000;;;KELP;SEASHELLS;2036.0;5
204000;;;RAINFOREST_RESIN;SEASHELLS;10004.0;1
204000;;;SQUID_INK;SEASHELLS;1951.0;5
204000;;;SQUID_INK;SEASHELLS;1951.0;5
204100;;;KELP;SEASHELLS;2037.0;1
204100;;;SQUID_INK;SEASHELLS;1932.0;1
204500;;;KELP;SEASHELLS;2037.0;4
204500;;;SQUID_INK;SEASHELLS;1923.0;4
204600;;;CROISSANTS;SEASHELLS;4276.0;8
204600;;;KELP;SEASHELLS;2035.0;1
204600;;;RAINFOREST_RESIN;SEASHELLS;9996.0;1
204600;;;SQUID_INK;SEASHELLS;1926.0;1
205000;;;JAMS;SEASHELLS;6516.0;9
205100;;;CROISSANTS;SEASHELLS;4274.0;6
205400;;;JAMS;SEASHELLS;6517.0;8
205500;;;DJEMBES;SEASHELLS;13380.0;9
205500;;;KELP;SEASHELLS;2036.0;1
205500;;;KELP;SEASHELLS;2035.0;1
205500;;;RAINFOREST_RESIN;SEASHELLS;9996.0;1
205500;;;SQUID_INK;SEASHELLS;1946.0;1
205500;;;SQUID_INK;SEASHELLS;1945.0;1
205700;;;SQUID_INK;SEASHELLS;1949.0;1
206100;;;KELP;SEASHELLS;2036.0;1
206100;;;SQUID_INK;SEASHELLS;1962.0;1
206200;;;DJEMBES;SEASHELLS;13381.0;1
206200;;;RAINFOREST_RESIN;SEASHELLS;9998.0;1
206300;;;KELP;SEASHELLS;2039.0;1
206300;;;RAINFOREST_RESIN;SEASHELLS;10004.0;1
206300;;;SQUID_INK;SEASHELLS;1970.0;1
206500;;;JAMS;SEASHELLS;6516.0;5
206500;;;KELP;SEASHELLS;2036.0;1
206500;;;RAINFOREST_RESIN;SEASHELLS;9996.0;1
206500;;;RAINFOREST_RESIN;SEASHELLS;9995.0;1
206500;;;RAINFOREST_RESIN;SEASHELLS;9996.0;11
206500;;;SQUID_INK;SEASHELLS;1960.0;1
206600;;;DJEMBES;SEASHELLS;13386.0;2
206600;;;PICNIC_BASKET1;SEASHELLS;58661.0;10
206600;;;PICNIC_BASKET2;SEASHELLS;30217.0;10
206800;;;KELP;SEASHELLS;2036.0;4
206800;;;SQUID_INK;SEASHELLS;1963.0;4
207100;;;DJEMBES;SEASHELLS;13385.0;1
207500;;;RAINFOREST_RESIN;SEASHELLS;10002.0;1
207600;;;KELP;SEASHELLS;2038.0;1
207600;;;KELP;SEASHELLS;2037.0;4
207600;;;SQUID_INK;SEASHELLS;1961.0;1
207800;;;CROISSANTS;SEASHELLS;4274.0;7
207800;;;KELP;SEASHELLS;2036.0;1
207800;;;KELP;SEASHELLS;2036.0;11
207800;;;SQUID_INK;SEASHELLS;1953.0;1
207800;;;SQUID_INK;SEASHELLS;1953.0;11
207900;;;DJEMBES;SEASHELLS;13386.0;2
207900;;;KELP;SEASHELLS;2036.0;1
207900;;;RAINFOREST_RESIN;SEASHELLS;9998.0;1
207900;;;SQUID_INK;SEASHELLS;1952.0;1
208000;;;KELP;SEASHELLS;2039.0;14
208000;;;SQUID_INK;SEASHELLS;1955.0;14
208100;;;RAINFOREST_RESIN;SEASHELLS;9998.0;6
208300;;;CROISSANTS;SEASHELLS;4275.0;7
208300;;;RAINFOREST_RESIN;SEASHELLS;10005.0;9
208400;;;KELP;SEASHELLS;2038.0;1
208400;;;RAINFOREST_RESIN;SEASHELLS;9996.0;1
208400;;;SQUID_INK;SEASHELLS;1949.0;1
209200;;;CROISSANTS;SEASHELLS;4275.0;6
209200;;;KELP;SEASHELLS;2036.0;2
209200;;;RAINFOREST_RESIN;SEASHELLS;9998.0;2
209200;;;SQUID_INK;SEASHELLS;1952.0;2
209500;;;CROISSANTS;SEASHELLS;4274.0;8
209700;;;JAMS;SEASHELLS;6520.0;10
209800;;;RAINFOREST_RESIN;SEASHELLS;9998.0;1
210100;;;JAMS;SEASHELLS;6520.0;10
210100;;;RAINFOREST_RESIN;SEASHELLS;9998.0;1
210200;;;CROISSANTS;SEASHELLS;4275.0;6
210200;;;DJEMBES;SEASHELLS;13379.0;3
210500;;;CROISSANTS;SEASHELLS;4275.0;5
210500;;;RAINFOREST_RESIN;SEASHELLS;10002.0;1
210700;;;DJEMBES;SEASHELLS;13378.0;4
210800;;;KELP;SEASHELLS;2036.0;1
210800;;;RAINFOREST_RESIN;SEASHELLS;9998.0;2
210800;;;SQUID_INK;SEASHELLS;1957.0;1
211000;;;CROISSANTS;SEASHELLS;4276.0;6
211000;;;RAINFOREST_RESIN;SEASHELLS;9998.0;1
211100;;;DJEMBES;SEASHELLS;13379.0;2
211400;;;DJEMBES;SEASHELLS;13378.0;4
211600;;;CROISSANTS;SEASHELLS;4275.0;6
211600;;;KELP;SEASHELLS;2038.0;5
211600;;;SQUID_INK;SEASHELLS;1961.0;5
211800;;;CROISSANTS;SEASHELLS;4275.0;9
212100;;;KELP;SEASHELLS;2039.0;1
212100;;;RAINFOREST_RESIN;SEASHELLS;10004.0;1
212100;;;SQUID_INK;SEASHELLS;1951.0;1
212200;;;CROISSANTS;SEASHELLS;4275.0;7
212200;;;DJEMBES;SEASHELLS;13377.0;4
212200;;;KELP;SEASHELLS;2038.0;1
212200;;;SQUID_INK;SEASHELLS;1952.0;1
212300;;;CROISSANTS;SEASHELLS;4275.0;8
212600;;;JAMS;SEASHELLS;6518.0;5
212800;;;RAINFOREST_RESIN;SEASHELLS;10002.0;1
213000;;;CROISSANTS;SEASHELLS;4275.0;6
213200;;;PICNIC_BASKET1;SEASHELLS;58621.0;10
213200;;;PICNIC_BASKET2;SEASHELLS;30225.0;10
213400;;;KELP;SEASHELLS;2036.0;1
213400;;;KELP;SEASHELLS;2036.0;1
213400;;;RAINFOREST_RESIN;SEASHELLS;9995.0;1
213400;;;SQUID_INK;SEASHELLS;1958.0;1
213400;;;SQUID_INK;SEASHELLS;1958.0;1
213600;;;JAMS;SEASHELLS;6517.0;10
213600;;;RAINFOREST_RESIN;SEASHELLS;9996.0;2
213600;;;RAINFOREST_RESIN;SEASHELLS;9996.0;10
213700;;;KELP;SEASHELLS;2037.0;1
213700;;;PICNIC_BASKET1;SEASHELLS;58628.0;5
213700;;;PICNIC_BASKET2;SEASHELLS;30225.0;5
213700;;;RAINFOREST_RESIN;SEASHELLS;9996.0;1
213700;;;SQUID_INK;SEASHELLS;1950.0;1
213800;;;DJEMBES;SEASHELLS;13377.0;2
213800;;;RAINFOREST_RESIN;SEASHELLS;9998.0;1
213900;;;KELP;SEASHELLS;2036.0;1
214000;;;SQUID_INK;SEASHELLS;1953.0;1
214400;;;RAINFOREST_RESIN;SEASHELLS;9998.0;1
214500;;;SQUID_INK;SEASHELLS;1962.0;3
214600;;;CROISSANTS;SEASHELLS;4274.0;8
214600;;;PICNIC_BASKET1;SEASHELLS;58627.0;9
214600;;;PICNIC_BASKET2;SEASHELLS;30226.0;9
214700;;;RAINFOREST_RESIN;SEASHELLS;9998.0;1
214900;;;DJEMBES;SEASHELLS;13373.0;1
215000;;;CROISSANTS;SEASHELLS;4276.0;5
215000;;;RAINFOREST_RESIN;SEASHELLS;9998.0;1
215100;;;KELP;SEASHELLS;2038.0;3
215100;;;RAINFOREST_RESIN;SEASHELLS;10002.0;1
215100;;;SQUID_INK;SEASHELLS;1962.0;3
215300;;;DJEMBES;SEASHELLS;13373.0;2
215400;;;CROISSANTS;SEASHELLS;4275.0;6
215400;;;JAMS;SEASHELLS;6517.0;9
215500;;;KELP;SEASHELLS;2037.0;1
215500;;;KELP;SEASHELLS;2037.0;2
215500;;;RAINFOREST_RESIN;SEASHELLS;9996.0;1
215500;;;RAINFOREST_RESIN;SEASHELLS;9996.0;1
215500;;;RAINFOREST_RESIN;SEASHELLS;9998.0;1
215500;;;SQUID_INK;SEASHELLS;1957.0;1
215500;;;SQUID_INK;SEASHELLS;1957.0;2
215600;;;KELP;SEASHELLS;2039.0;3
215600;;;RAINFOREST_RESIN;SEASHELLS;10002.0;1
215600;;;SQUID_INK;SEASHELLS;1959.0;3
215700;;;JAMS;SEASHELLS;6516.0;3
215700;;;KELP;SEASHELLS;2037.0;4
215800;;;KELP;SEASHELLS;2037.0;1
